2708 4846
423 501 613 553 uraaonuu
633 500 842 571 suenorum,
1003 538 1012 555 ,
1116 497 1169 577 'aaa

146 594 266 657 luerunt
284 594 439 674 equidem,
452 597 505 674 qui
525 576 637 666 solem]
648 596 699 657 vel
718 573 849 666 terram]
862 601 1082 674 retrogressum
1102 607 1168 655 csse

120 683 317 757 &edmarum
332 694 440 747 atcum
452 686 485 748 id
499 687 564 747 loco
576 687 667 747 citato
687 703 749 747 non
767 686 900 763 legatur,
911 683 966 745 sed
983 681 1169 746 solmnmodo
1276 756 1283 772 ·
1312 701 1318 715 ’

117 767 367 844 decimandum
379 772 449 834 solio
466 781 673 851 retroqreasum
690 789 764 841 esse,
776 773 911 849 sequitur
927 770 960 830 id
976 770 1086 832 iactuum
1104 786 1169 828 esse

117 874 158 937 pm
173 861 267 922 solam
281 862 489 923 inflectionem
514 861 667 922 radiorum
685 861 826 921 solarium
850 861 882 919 in
898 858 1008 934 stylum
1019 855 1169 942 horologii

117 943 278 1017 mennam,
293 963 352 1024 qua
361 947 513 1008 mediante
527 946 633 1007 umbra
642 946 713 1024 styli
724 953 888 1007 retrorsum
901 944 1022 1005 cecidit.

135 1046 205 1103 ΜΘ·
215 1048 269 1122 (lv
280 1049 356 1127 aeg.
368 1067 394 1110 c.
405 1050 434 1120 9,
449 1068 475 1110 c.
488 1050 539 1126 ld)
551 1050 633 1110 Jehu
641 1049 764 1109 nomine
773 1049 831 1108 Dei
839 1048 962 1124 jubetur
971 1045 1169 1106 exterminare

117 1133 239 1195 nlliam
250 1134 603 1215 Achab3conscquenter
614 1136 762 1196 interimit
773 1136 876 1195 Joram
885 1149 989 1211 regem
1001 1133 1130 1199 Israelis,
1140 1137 1171 1190 et

117 1217 258 1281 lebuziam
277 1239 380 1301 regem
401 1223 498 1283 Judae.
509 1222 634 1282 Jezabcl
647 1222 727 1301 regis
746 1223 850 1280 doram
872 1228 998 1280 matrem
1011 1235 1028 1278 e
1040 1218 1171 1277 fenestra

117 1306 283 1386 ncipitem
293 1309 353 1386 agi,
364 1325 399 1369 ac
411 1309 448 1368 70
457 1307 534 1369 lilios
542 1308 664 1379 Achab;
676 1316 708 1368 et
716 1308 753 1369 tt
762 1306 867 1368 iratres
875 1306 1016 1368 Ochoziae
1023 1303 1104 1381 regis
1112 1312 1171 1362 tru-

117 1391 190 1453 ldari
196 1391 294 1470 jubet.
307 1394 457 1472 Propheta
465 1395 545 1456 Osee
558 1403 659 1455 autem
672 1395 711 1455 de
721 1394 848 1454 necibus
860 1411 878 1453 a
890 1392 971 1452 Jebu
986 1392 1019 1451 in
1031 1387 1170 1449 Jezrabel
1231 1400 1234 1409 ·

117 1476 224 1539 ditisc.
240 1480 343 1549 hle-li,
353 1482 448 1540 Deum
462 1482 502 1541 ita
513 1483 687 1559 loquentem
705 1481 841 1542 inducit:
856 1501 872 1535 u
887 1478 996 1539 Adhuc
1006 1476 1169 1543 modicrnn,

123 1563 362 1634 mascusium
377 1569 552 1645 sangninem
566 1568 806 1644 tenahelsuper
820 1566 941 1625 domum
959 1562 1054 1633 Jehu,
1067 1569 1097 1621 et
1106 1560 1172 1638 qui-

123 1666 228 1711 escere
248 1651 355 1712 iaciam
374 1669 497 1732 regnum
518 1654 622 1714 domus
642 1653 745 1714 lsrael.
762 1655 800 1713 Et
822 1653 854 1711 in
872 1651 926 1711 illa
946 1650 997 1710 die
1018 1655 1171 1710 conteram

123 1750 228 1797 orcum
239 1739 333 1801 lsrael
343 1739 374 1798 in
383 1741 463 1800 valle
475 1740 624 1801 Jezrahel.
638 1762 654 1796 a

129 1834 247 1897 iveram
259 1855 314 1898 rex
335 1840 451 1910 Joram,
465 1839 583 1899 Achabi
602 1839 684 1917 regis
698 1838 789 1898 lsrael
801 1834 895 1905 iilius,
907 1837 956 1895 vir
972 1836 1081 1913 impius
1094 1836 1170 1899 erat,

116 1920 267 2001 dumque
277 1925 424 1985 nefarium
433 1927 535 1986 vitulis
544 1927 643 1984 aureis
657 1924 830 1984 exhibebat.
841 1923 975 1992 Jezabcl,
988 1921 1051 1998 ejus
1063 1928 1171 1979 mater·

116 2007 222 2069 mmai
229 2011 312 2088 regis
322 2012 441 2072 Sidonis
452 2011 640 2080 lilia,n1ulier
649 2010 925 2089 flagitiosa‚cultum
933 2009 1081 2069 idolorum
1088 2007 1169 2074 baal,

116 2102 232 2165 marte,
248 2105 319 2164 etc,
331 2098 362 2156 in
376 2115 502 2175 regnum
515 2098 642 2166 Israelis,
656 2114 710 2157 seu
722 2097 878 2165 Samariae,
888 2097 1059 2164 invexerat,
1070 2111 1105 2155 ac
1117 2093 1173 2151 tot)

116 2180 374 2261 rcudopropbetas
387 2184 507 2243 Astarte
520 2182 685 2252 nutriebat;
700 2181 807 2242 Achab
820 2199 892 2243 vero
906 2181 969 2260 ojus
982 2182 1105 2241 maritus
1117 2178 1173 2238 lit)

116 2266 374 2347 seudoprophetas
385 2269 457 2327 Baal
465 2269 650 2328 sustentabat
660 2265 672 2345 (
682 2269 723 2326 lll
736 2269 813 2345 Reg.
825 2268 870 2337 l8,
883 2268 947 2341 19).
959 2269 1035 2330 Cum
1047 2266 1173 2326 Jezabcl

116 2354 219 2414 omine
236 2354 320 2433 regis
341 2354 448 2414 Achab
468 2355 567 2415 occidi
583 2353 719 2431 jussisset
739 2354 857 2414 Naboth
883 2354 1172 2431 iezraelitam‚quia

116 2441 217 2503 mam
228 2458 313 2502 suam
332 2442 438 2501 Achab
455 2442 588 2503 vendere
602 2443 754 2511 noluerat,
768 2443 935 2520 Achabque
957 2441 1034 2502 hane
1051 2442 1173 2502 vineam

116 2529 272 2597 trasisset,
296 2527 445 2606 Propheta
457 2527 538 2587 Elias
554 2529 676 2588 nomine
689 2529 746 2587 Dei
759 2528 884 2588 Achabo
896 2548 903 2586 :
917 2549 933 2584 o
950 2528 1114 2599 Occidisti,
1126 2531 1172 2591 in-

117 2617 209 2695 uuit,
220 2617 347 2695 insuper
359 2624 390 2676 et
402 2615 561 2694 possedisti
573 2618 624 2675 :in
633 2616 700 2675 loco
711 2615 785 2685 hoc,
799 2617 831 2675 in
845 2633 904 2691 quo
917 2616 1071 2675 linxerunt
1083 2634 1173 2677 canes

124 2703 305 2781 sanguinem
317 2702 436 2762 Naboth
448 2746 456 2772 ,
467 2701 603 2761 lambent
621 2718 738 2777 quoque
756 2703 932 2777 sanguinem
952 2708 1079 2760 tuum...
1093 2704 1172 2762 Ecce

128 2802 188 2867 ege
206 2789 349 2848 inducam
368 2795 500 2866 superte
516 2787 645 2855 malton,
659 2795 691 2845 et
710 2787 861 2846 demetam
878 2787 1044 2864 posteriora
1060 2794 1124 2855 tua,
1143 2794 1173 2846 et

116 2874 308 2937 menidam
321 2877 359 2936 de
372 2876 479 2936 Achab
492 2877 679 2953 mingentem
691 2873 729 2933 ad
749 2874 914 2952 parictem,
930 2881 961 2933 et
980 2873 1129 2943 clausum,
1142 2883 1174 2935 ot

116 2961 267 3023 niumm
287 2963 320 3021 in
339 2962 449 3031 lsrael,
465 2969 496 3020 et
515 2961 593 3021 dabo
614 2959 736 3019 domum
757 2967 838 3019 tuam
858 2961 936 3020 sicut
949 2960 1070 3021 domum
1085 2962 1174 3020 Jero-

116 3048 331 3110 ·troam....sed
345 3057 375 3109 et
394 3048 520 3108 Jezabcl
541 3049 657 3106 locutus
679 3055 724 3106 cst
744 3048 904 3115 Dominus,
920 3048 1025 3108 dicens
1045 3068 1053 3106 :
1077 3049 1174 3110 Canos

115 3134 291 3197 »madent
307 3136 430 3196 lezabel
444 3137 475 3195 in
489 3151 560 3213 agro
574 3132 713 3193 Jezrahel
727 3153 741 3187 u
755 3134 765 3206 (
773 3131 854 3208 juxta
867 3140 981 3191 textum
991 3133 1146 3193 hebraeum
1164 3153 1172 3192 :

115 3218 198 3282 hu
215 3221 359 3283 comedent
387 3221 482 3281 Izebel
510 3221 590 3279 thtro
607 3216 783 3277 uateumrule
801 3216 916 3276 Izrehet
931 3219 953 3293 l.
973 3218 1050 3280 Coun
1074 3226 1175 3279 autom

115 3308 210 3373 lebab
221 3311 432 3391 poenitentiam
454 3310 581 3386 egisset,
593 3306 739 3368 Dominus
755 3306 830 3365 Eliae
844 3325 852 3361 ε
866 3326 883 3362 a
902 3306 980 3382 Quia
989 3305 1112 3376 Achab,
1126 3307 1174 3365 in-

115 3399 209 3475 inuit,
216 3397 389 3458 humiliatus
406 3406 452 3457 est
472 3397 533 3455 mei
547 3412 649 3464 causa,
663 3411 722 3454 non
735 3395 877 3455 inducam
892 3395 1004 3453 malum
1022 3395 1054 3454 in
1067 3394 1175 3455 diebus

115 3484 207 3563 reim,
227 3487 283 3547 sed
302 3486 334 3545 in
356 3484 463 3546 diebus
483 3483 538 3544 filii
556 3484 602 3544 sui
624 3482 750 3543 inieram
769 3483 880 3543 malum
898 3483 1001 3543 domui
1020 3481 1084 3561 ejus
1105 3479 1173 3559 (lll

115 3572 311 3653 ’limma

136 3674 288 3739 &hozias
308 3692 363 3735 rex
380 3672 499 3734 Judoee
518 3676 620 3733 Joram
632 3674 696 3734 illio
712 3674 795 3752 regis
811 3673 969 3752 Josaphat,
985 3688 1019 3732 ac
1041 3672 1172 3742 Athalia,

115 3758 328 3847 lebabi-regis
354 3758 432 3831 filia,
450 3766 554 3829 natus,
573 3759 680 3840 impias
699 3757 820 3820 lumiliae
843 3758 950 3819 Achab
971 3757 1034 3818 vias
1056 3765 1174 3819 secutus

115 3848 297 4201 §aare
304 3946 395 4017 Deus,
404 3963 494 4023 quem
503 3943 645 4005 israelitae
655 3944 688 4005 in
697 3961 782 4005 suum
790 3960 894 4023 regem
904 3942 1068 4021 elegerant,
1079 3941 1175 4003 voluit

168 4024 173 4035 ’
187 4032 317 4113 inpiam
327 4028 634 4091 Achabiiamiliamde
643 4026 1175 4097 numeroviventiumdelere‚aliam·

137 4106 146 4129 ’“
163 4112 225 4183 ¹llii
241 4118 277 4183 lu
289 4114 430 4179 monum
447 4116 637 4182 substituere.
650 4115 699 4179 Ad
714 4114 791 4179 hauc
809 4112 1087 4179 suamvoluntatem
1103 4130 1174 4178 exe·
