2708 4846
231 457 266 506 to
643 451 686 500 nn
701 446 905 499 ntVtttttttn

226 548 320 617 ficiis,
340 551 400 608 etc.
413 550 582 607 nocuerant
592 542 769 605 hominibus
782 548 813 601 et
825 536 1005 601 animalibus
1012 532 1024 605 ‚'
1034 532 1087 595 alii
1098 533 1198 594 mum
1209 529 1310 609 ejura-

226 643 351 706 verant,
365 633 419 693 alii
440 633 601 702 vindictae,
614 639 646 692 et
665 629 830 692 infamibus
849 623 1041 706 passionibus
1053 638 1110 701 per
1123 617 1310 717 execrandas

226 720 457 803 superstitiones
477 718 700 792 satisfecerant,
713 716 768 779 alii
790 715 882 776 rebus
903 708 1101 773 sanctissimis
1113 706 1209 787 impie
1222 704 1308 788 anm

228 815 330 877 erunt,
348 812 407 868 etc.

264 892 419 955 inculcent
432 890 629 954 ecclesiastici
645 890 757 970 populo
776 906 837 949 sue
857 903 937 949 curae
950 882 1109 946 commisso
1122 879 1307 961 magnamlu

226 980 325 1041 Deum
335 972 563 1047 confidentiam,
583 977 670 1036 illum
688 975 832 1044 doceant,
852 976 949 1034 Deum
967 971 1056 1032 malis
1068 969 1228 1050 spiritibus
1239 964 1306 1027 inli-

226 1067 292 1127 nite
305 1064 506 1145 potentiorem
521 1080 601 1133 esse,
616 1061 722 1123 adesse
732 1059 957 1141 providentiam
970 1057 1146 1136 generalem
1157 1055 1306 1117 inomnes

227 1159 393 1218 creaturas,
408 1156 439 1209 et
456 1150 668 1228 particularem
687 1149 720 1208 in
739 1145 894 1211 homines,
908 1144 987 1204 hanc
1005 1141 1233 1224 providentiam
1251 1154 1305 1201 not

228 1236 352 1296 eredere
364 1234 489 1312 jubere,
504 1236 585 1312 truttd
597 1253 658 1294 non
672 1233 802 1294 existant
816 1230 971 1300 homines,
985 1228 1039 1306 qui
1056 1235 1122 1289 arte
1134 1224 1303 1306 diabolica.

229 1325 259 1381 ut
266 1322 349 1401 precii
358 1339 377 1379 u
394 1322 518 1382 Diodoto
533 1339 594 1379 cere
612 1321 740 1389 obtentu,
755 1318 822 1378 aliis
836 1332 948 1376 nocere
960 1314 1094 1396 possint*
1190 1381 1193 1385 ¹

264 1406 392 1468 Auobis
411 1405 468 1466 hac
490 1407 521 1465 in
534 1408 662 1466 materia
681 1402 763 1465 inter
776 1401 949 1466 catholicos
971 1407 1169 1460 controversa
1189 1395 1302 1459 dissen-

227 1494 322 1563 tieus,
340 1493 512 1553 meminerit
532 1490 618 1567 hujus
631 1490 782 1570 praeclarae
795 1488 953 1549 sortientia
967 1490 998 1547 5.
1012 1484 1196 1564 Augustini:
1209 1485 1301 1545 Inno-

228 1580 361 1642 oeosoru'c's
383 1579 491 1647 toritas,
508 1579 537 1637 t'o
556 1578 649 1638 desitis
663 1576 795 1645 libertos,
814 1577 845 1634 ia
862 1574 991 1635 ornatibus
1006 1572 1145 1634 cltert‘too.
1160 1568 1299 1651 (arguo

229 1669 317 1748 epist.
330 1666 369 1729 ad
380 1667 523 1731 tarinae.)
1159 1678 1166 1694 ·

568 1800 584 1867 3
596 1802 682 1849 xxxt.
695 1825 724 1837 -
735 1802 771 1850 De
785 1800 955 1849 Naturalismo.

265 1937 316 1991 66.
333 1938 397 2017 Otj.
410 1926 483 2013 Q'uis
495 1936 595 1995 ttibtia
612 1936 777 1996 revelatam
786 1949 804 1994 a
814 1937 879 1994 Deo
893 1932 1075 2010 religionem
1087 1929 1245 1990 continere
1256 1925 1297 1987 di·

229 2034 328 2092 caret,
341 2031 495 2100 opponunt
506 2023 697 2083 R‘aturalismi
711 2022 900 2089 defensores,
919 2037 989 2080 curn
1010 2017 1122 2078 exinde
1138 2023 1296 2094 sequatur:

230 2108 260 2167 l⁰
272 2107 445 2182 Religionem
456 2107 641 2173 Rementem,
655 2108 745 2165 aDeo
754 2106 906 2165 mentibus
914 2104 1048 2163 omnium
1059 2101 1219 2161 hominunm
1227 2097 1299 2161 iudi·

228 2200 301 2262 tam,
309 2189 540 2251 insufficientem
546 2189 637 2250 inisse
646 2198 679 2250 et
691 2208 757 2251 esse
768 2191 807 2250 ad
817 2188 908 2250 finem
914 2190 1053 2249 ultimum
1059 2182 1298 2268 adipiscendum?

230 2280 388 2355 Repugnat
400 2277 555 2354 sapientiae
569 2276 681 2336 divium
691 2276 864 2336 hominibus
876 2276 948 2337 dare
958 2276 1093 2337 medium
1105 2274 1144 2335 ad
1156 2271 1300 2334 finemin

229 2359 389 2422 sufficiens.
402 2359 434 2419 2⁰
447 2361 568 2439 Religio
581 2363 724 2423 naturalis
737 2369 783 2422 est
794 2363 928 2442 perlecta
941 2368 972 2424 et
983 2360 1183 2422 immutabilis
1190 2378 1200 2430 ;
1212 2372 1300 2437 qutato
1334 2400 1338 2407 -

230 2445 412 2507 insufficiens
424 2443 487 2506 dici
500 2445 580 2506 haud
592 2454 701 2525 potest.
715 2447 746 2506 5ο
760 2449 792 2508 Si
805 2448 927 2526 Religio
939 2447 1084 2508 naturalis
1096 2453 1178 2507 esset
1189 2439 1301 2506 insuffi-

230 2531 329 2601 ciens,
347 2531 502 2592 debuisset
519 2533 600 2592 Deus
620 2533 786 2593 revelatam
806 2534 1000 2612 Religionem
1018 2532 1092 2593 dare
1113 2546 1251 2612 semper,
1272 2533 1301 2589 et

230 2618 368 2679 omnibus
382 2617 576 2679 hominibus:
595 2626 669 2696 quot
684 2635 771 2680 secus
788 2618 929 2680 homines
948 2620 1015 2679 sine
1031 2635 1085 2680 sua
1098 2616 1186 2697 eulpa
1202 2614 1302 2697 perire

230 2703 397 2765 deberent?
409 2703 441 2763 11⁰
453 2705 537 2764 Finis
549 2705 711 2764 creationis
724 2723 779 2765 nos
791 2704 917 2775 edocet,
930 2705 1080 2766 rationem
1092 2702 1226 2763 hominis
1237 2716 1303 2781 pro-

228 2791 429 2869 portionatam
442 2806 508 2850 esse
528 2790 642 2850 debere
663 2790 701 2849 ad
721 2789 785 2865 ejus
806 2788 914 2859 tinem3
935 2790 1064 2869 proinde
1085 2787 1246 2849 Revelatio
1259 2791 1302 2847 est

228 2877 390 2955 superflua.
403 2875 433 2934 5⁰
446 2875 606 2953 indignum
628 2882 674 2935 est
695 2874 818 2936 homine
838 2875 970 2954 ingenuo
983 2875 1158 2936 valedicere
1175 2872 1301 2942 ratium,

230 2969 262 3020 et
282 2960 370 3037 hujus
381 2960 460 3022 *loco
487 2961 644 3022 adsumere
671 2962 921 3033 Revelationern,
947 2978 1036 3039 quam
1059 2979 1122 3022 non
1145 2960 1301 3039 intelligit.

228 3044 261 3104 6⁰
273 3045 512 3108 Christianorum
532 3046 653 3128 plurimi
668 3063 705 3107 ea
723 3047 862 3107 laborant
880 3047 1049 3126 ignorantia
1067 3063 1103 3107 ac
1119 3044 1304 3108 siRerelata

229 3131 350 3210 Religio
371 3150 432 3192 non
454 3133 615 3203 existerem
633 3133 757 3210 plurimi
780 3149 883 3193 eorum
899 3133 978 3194 male
991 3133 1162 3203 vivunn-et
1181 3130 1303 3212 plunimi

229 3219 365 3288 illorum,
379 3219 557 3283 Christianis
569 3220 601 3281 id
613 3221 788 3288 latentibus,
799 3220 1020 3281 damnabuntur
1025 3239 1034 3291 ;
1045 3219 1162 3281 inutilis
1175 3217 1302 3299 proinde

230 3314 276 3365 est
290 3306 457 3366 Revelatio.
472 3308 503 3364 7⁰
516 3307 565 3365 nd
583 3307 709 3367 salutem
722 3306 918 3367 obtinendam
939 3303 1061 3376 sufficit,
1075 3312 1109 3365 ut
1120 3305 1189 3382 quis
1200 3304 1303 3368 eredat

231 3392 361 3451 existere
372 3390 484 3459 Deum,
499 3407 567 3449 eum
580 3406 645 3451 esse
658 3391 833 3461 colendum,
847 3391 991 3453 virtutem
1003 3408 1039 3452 ac
1050 3391 1196 3470 pietatem
1207 3391 1304 3453 eultm

231 3473 328 3535 divini
348 3475 515 3553 praecipuas
528 3491 594 3535 esse
606 3483 725 3553 partes,
746 3475 910 3538 dolendum
923 3495 989 3538 esse
1010 3476 1049 3537 de
1069 3476 1204 3556 peccatis
1223 3492 1303 3537 com-

206 3554 211 3564 '
229 3561 330 3622 missis
342 3566 373 3620 et
383 3560 636 3640 resipiscendum,
657 3565 812 3642 praemirmr
826 3572 857 3625 et
870 3580 989 3644 poenam
1003 3562 1068 3624 dari
1080 3570 1148 3641 post
1160 3562 1243 3625 hanc
1258 3562 1303 3625 ui·

231 3651 302 3705 tam.
313 3647 386 3706 llaec
396 3645 530 3722 quinque
542 3654 662 3725 puncta,
675 3648 718 3708 ait
727 3648 857 3709 Eduard.
865 3649 960 3710 Herb.
973 3650 1050 3708 Baro
1060 3647 1100 3708 de
1112 3647 1273 3728 Cherbury
1283 3646 1302 3719 ⁸,

233 3734 426 3810 operationis
439 3732 476 3791 ab
489 3733 628 3795 omnibus
640 3736 797 3814 cognosci,
813 3744 844 3796 et
856 3737 929 3797 solis
939 3742 1054 3795 naturae
1066 3734 1185 3796 viribus
1197 3731 1302 3816 perfici

232 3823 355 3892 possunt
362 3835 372 3888 3
385 3833 478 3896 quare
491 3817 636 3878 Revelata
647 3821 768 3899 Religio
782 3828 827 3881 est
839 3820 969 3890 inutilis;
979 3820 1099 3880 inutilia
1110 3828 1212 3881 autem
1223 3822 1304 3882 Deus

233 3912 296 3961 non
306 3899 386 3963 iacit.
400 3904 445 3964 lta
456 3901 521 3962 iere
533 3912 778 3980 argumentantur
795 3913 907 3986 praeter
919 3905 1043 3967 citatum
1054 3907 1089 3966 E.
1104 3907 1143 3967 ll.
1157 3905 1197 3967 de
1207 3905 1306 3972 Citer-

263 4014 406 4085 icherbury
416 4039 424 4074 c
443 4028 480 4074 lte
491 4025 596 4083 renituit
606 4030 678 4092 prout
688 4028 847 4095 distinguitur
855 4043 872 4085 a
880 4030 986 4097 raiione,
996 4031 1046 4086 eit·
1056 4029 1134 4097 tuis,
1142 4030 1213 4087 im
1223 4032 1305 4089 tout

234 4087 547 4163 murcomannum.
1053 4104 1057 4109 '
