2708 4846
210 473 244 524 28
613 463 657 523 DE
672 459 881 512 ntvlttlrlru

214 563 307 632 dicat,
320 559 400 621 'tales
415 559 512 619 libros
528 571 593 617 esse
607 554 744 625 divinos,
763 559 814 614 aut
827 551 894 612 sinc
913 557 1015 607 errore
1029 541 1170 622 scriptos,
1188 546 1239 602 aut
1253 547 1288 602 ut

214 648 289 710 tales
302 653 436 725 usurpet.

252 737 317 797 lam
329 752 403 795 vero
419 735 509 794 Jesus
524 727 680 801 Christus,
695 728 814 806 legatus
829 723 962 793 divinus,
980 722 1119 796 Deusquc
1135 717 1217 795 ipse,
1233 715 1288 793 qui

211 819 435 882 divinamsuam
443 816 617 878 missionem
625 803 1288 875 ettestimoniisLibrorumsacrorrnnveteris

212 907 346 968 Foerleris
363 913 393 966 et
414 903 567 965 miraculis
587 909 618 962 et
639 898 791 962 vaticiniis
812 892 1036 973 comprobavit,
1058 908 1120 952 non
1134 889 1289 963 dumtaxat

213 991 302 1053 hosce
327 993 421 1053 libros
442 999 476 1052 ut
491 991 558 1051 sinc
573 1005 675 1049 errore
694 987 833 1064 scriptos,
851 991 882 1044 et
897 990 931 1044 ut
958 978 1103 1041 divinitus
1125 977 1289 1055 inspiratos

213 1081 363 1157 usurpavit
377 1086 407 1140 et
420 1078 580 1157 allegavit,
595 1076 648 1138 sed
660 1081 691 1134 ct
708 1091 760 1134 cos
775 1071 960 1149 nuncupavit
968 1070 1081 1146 Legem
1094 1065 1244 1137 divinam,
1257 1070 1288 1126 ct

213 1168 394 1245 scripturam
414 1168 562 1236 divinam3
578 1165 622 1226 sic
645 1161 790 1230 Matthaei⁴
803 1160 851 1229 lb',
873 1158 924 1217 ab
941 1177 947 1216 :
965 1178 981 1213 o
995 1157 1073 1217 Dan
1093 1154 1184 1226 dixit,
1205 1154 1285 1226 ait,:

214 1255 360 1314 «Honora
369 1262 485 1332 patrem
495 1262 578 1313 tuum
589 1259 619 1311 et
627 1258 753 1309 matrem
767 1246 877 1325 (Exodi
887 1245 940 1316 aa,
954 1244 1053 1318 lh)...
1066 1242 1184 1301 irritum
1201 1241 1288 1302 lecis-

214 1364 229 1396 υ
242 1342 282 1400 tis
293 1341 462 1400 monetatum
471 1341 530 1402 Dei
542 1345 666 1419 propter
675 1336 868 1397 traditionem
880 1341 1026 1400 vestram;
1042 1351 1057 1385 n
1070 1337 1100 1388 ct
1109 1347 1136 1389 c.
1153 1328 1201 1400 tt,
1216 1329 1284 1388 tt:

214 1445 229 1481 a
243 1426 301 1501 Qui
311 1472 317 1494 ,
327 1427 440 1504 inquit,
452 1426 523 1485 iecit
531 1423 686 1484 hominem
695 1423 733 1482 ab
745 1417 1020 1489 initio‚1nasculunr
1030 1414 1207 1475 ctscminam
1216 1414 1287 1474 iecit

214 1513 310 1571 aeos?
327 1520 358 1570 et
380 1512 456 1571 dixit
476 1531 483 1569 :
507 1511 634 1589 Propter
656 1508 715 1567 hoc
733 1506 865 1566 dimittet
878 1504 968 1563 homo
978 1508 1094 1581 patrem
1107 1508 1139 1561 ct
1159 1507 1286 1561 matrem

214 1618 229 1654 a
243 1597 253 1672 (
266 1597 333 1657 Gerr.
345 1597 377 1675 2,
391 1598 459 1672 Ξῑι);
473 1619 488 1651 a
504 1596 630 1656 Joannis
642 1595 674 1665 b',
685 1592 721 1654 59
742 1593 818 1652 dicit
839 1611 848 1651 a
870 1611 887 1647 o
897 1589 1077 1650 Scrutamini
1090 1588 1285 1666 scripturas...

215 1703 230 1738 a
248 1682 307 1742 illae
321 1690 402 1753 sunt,
418 1700 484 1759 quae
500 1681 704 1741 testimonium
716 1677 880 1755 perbibent
900 1675 938 1736 dc
952 1690 1014 1745 me,
1031 1695 1046 1730 a
1057 1682 1089 1733 et
1102 1673 1219 1733 ibidem
1234 1674 1285 1745 ll,

87 1804 97 1823 .
212 1767 248 1828 to
259 1787 267 1826 ε
279 1789 295 1825 o
308 1768 334 1828 si
349 1769 447 1839 enim,
463 1769 519 1838 ait,
531 1764 699 1826 crederetis
711 1762 824 1839 Moysi,
838 1760 1004 1821 crederetis
1016 1759 1139 1819 forsitan
1150 1767 1182 1818 ct
1194 1760 1268 1818 mihi
1275 1780 1286 1830 ,-

213 1875 230 1911 o
243 1855 281 1915 dc
290 1873 340 1915 me
351 1856 432 1915 enim
446 1855 499 1914 ille
514 1851 667 1931 scripsit.»
682 1852 771 1910 Lucae
780 1849 831 1919 Pl,
846 1847 882 1907 27
891 1847 1015 1926 legitur:
1026 1845 1162 1906 Christus
1179 1867 1196 1902 «
1209 1846 1286 1908 inci-

214 1961 230 1998 »
242 1943 360 2020 piensa
375 1943 479 2020 Moyse
504 1948 534 2001 et
553 1939 693 1999 omnibus
706 1935 881 2015 Prophetis,
908 1934 1162 2012 interpretabatur
1178 1933 1239 1994 illis
1254 1936 1286 1994 in

101 2089 109 2097 ⁶
214 2047 230 2082 a
243 2029 381 2103 omnibus
391 2026 562 2103 Scripturis,
574 2040 641 2100 quaa
651 2021 690 2082 dc
699 2022 765 2099 ipso
777 2027 876 2091 erant,
886 2041 902 2076 a
914 2029 945 2079 et
956 2018 1071 2079 ibidem
1082 2037 1112 2079 r.
1124 2020 1171 2090 tlt,
1186 2018 1286 2082 Chris·

214 2118 260 2171 tus
275 2112 335 2170 ait:
350 2132 365 2167 e
381 2111 522 2186 quoniam
543 2125 667 2169 necesse
685 2115 730 2166 est
743 2107 862 2184 impleri
879 2106 994 2177 omnia,
1014 2123 1081 2182 quae
1092 2107 1205 2185 scripta
1218 2115 1286 2171 sunt

215 2197 275 2255 »in
288 2197 356 2273 lege
368 2196 482 2272 Moysis
495 2201 526 2254 et
538 2192 695 2270 Prophetis
708 2197 738 2250 ct
747 2192 871 2251 Psalmis
881 2191 919 2251 de
933 2208 991 2250 me.
1007 2213 1023 2248 »

251 2279 327 2340 Cum
335 2280 436 2356 itaque
445 2278 580 2339 Christus
587 2278 626 2337 de
633 2284 695 2337 tota
702 2292 786 2337 sacra
796 2278 957 2352 Scriptura,
968 2277 1033 2336 sinc
1045 2278 1134 2339 ullius
1143 2279 1226 2351 libri,
1238 2288 1286 2341 aut

214 2365 743 2447 partisexceptione,utinspirataac
753 2364 857 2424 divina
867 2363 1013 2441 loquatur,
1024 2374 1107 2443 patet
1116 2383 1186 2425 euin
1195 2376 1286 2429 totam

215 2451 359 2512 divinitus
370 2452 569 2526 conscriptam
578 2449 757 2521 credidisse,
772 2456 861 2526 atque
870 2449 966 2527 ipsam
975 2451 1098 2510 realiter
1104 2451 1198 2511 talem
1210 2470 1284 2516 csse.

251 2540 303 2593 55.
321 2539 359 2596 ll.
385 2538 472 2596 Patet
489 2536 521 2596 id
542 2554 603 2596 non
621 2537 720 2597 minus
738 2537 819 2597 clare
837 2553 875 2595 ex
885 2538 1066 2597 testimoniis
1075 2539 1286 2615 Apostolorum

213 2624 303 2693 Jcsu,
313 2622 502 2699 quimcntcm
512 2622 609 2682 divini
619 2622 666 2682 sui
675 2622 811 2700 magistri
821 2621 918 2699 probe
930 2623 1074 2695 assecuti,
1083 2624 1185 2684 Libris
1195 2628 1287 2688 sacris

214 2710 327 2770 veteris
336 2709 471 2770 Foederis
486 2727 546 2769 non
556 2709 652 2768 solum
671 2709 750 2788 apud
762 2708 922 2780 Hebraeos,
936 2709 991 2769 sed
1006 2717 1037 2770 et
1048 2710 1128 2788 apud
1142 2711 1286 2775 Ethnicos

125 2786 133 2802 ’
214 2802 248 2854 ut
257 2795 409 2873 Scriptura
423 2794 526 2855 divina
542 2795 587 2854 usi
597 2803 685 2855 sunt:

253 2882 303 2941 Sic
312 2882 341 2940 S.
353 2882 459 2941 Petrus
471 2879 552 2955 (het.
565 2881 676 2956 5,l8):
691 2901 706 2936 e
722 2881 803 2941 Deus
816 2887 931 2951 autem,
946 2880 1059 2956 inquit,
1069 2899 1135 2958 quae
1150 2901 1287 2961 praenun-

215 2967 332 3026 atiatit
343 2983 396 3042 pcr
412 2983 446 3025 os
465 2967 598 3024 omniurn
613 2966 842 3044 prophetarum,
860 2966 923 3045 pati
938 2966 1104 3036 Christum,
1124 2968 1168 3028 sic
1183 2969 1286 3046 imple

216 3050 301 3110 avit.
319 3072 334 3106 a
353 3054 390 3109 lit
402 3049 532 3121 ibidem,
546 3070 575 3111 v.
590 3051 645 3111 Pb:
660 3072 675 3107 (ι
690 3052 771 3129 quod
788 3051 947 3130 disposuit,
966 3053 1024 3124 ait,
1038 3053 1118 3112 Deus
1136 3053 1174 3113 ad
1187 3063 1287 3132 patres

217 3143 377 3207 »nostros
393 3136 497 3197 dicens
516 3136 554 3196 ad
570 3138 723 3197 Abrabam
739 3139 796 3197 :Et
814 3139 845 3198 in
863 3139 981 3199 ‘semine
1000 3145 1051 3198 tuo
1067 3137 1287 3201 benedicentur

217 3238 351 3282 »omnes
368 3221 490 3282 familiae
508 3230 598 3282 terrae
614 3246 628 3280 a
649 3225 750 3294 (Gen.
763 3225 813 3293 lb,
842 3224 885 3298 5).
906 3226 942 3282 D.
962 3223 1069 3282 Paulus
1079 3224 1176 3300 (Rom.
1188 3225 1222 3295 l,
1237 3224 1285 3299 at:

217 3327 233 3364 a
247 3306 344 3383 quod,
356 3309 415 3377 ait,
429 3315 499 3367 ante
509 3309 688 3386 promiserat
698 3309 811 3383 (Deus)
827 3325 882 3386 per
890 3308 1055 3386 Prophetas
1067 3327 1135 3368 suos
1145 3311 1177 3368 in
1187 3311 1288 3389 Scrip-

218 3393 450 3453 aturissanetis.
467 3414 482 3448 a
493 3393 527 3455 C.
538 3394 570 3462 5,
587 3394 605 3451 2
625 3414 631 3450 :
646 3415 662 3448 n
673 3395 796 3456 Credita
805 3402 874 3454 sunt
884 3395 944 3455 illis
954 3394 1092 3472 (judaeis)
1102 3398 1158 3466 ait,
1171 3398 1288 3476 eloquia

126 3475 131 3482 ’
218 3500 235 3541 a
247 3480 315 3542 Dei.
328 3479 607 3550 »Etll'l'imotlr.5,
620 3481 718 3538 lla-ll:
730 3483 803 3539 «Tu
817 3498 907 3551 vcro,
923 3483 1205 3560 inquitTimotheo,
1220 3501 1288 3565 pcr-

219 3586 236 3625 »
248 3583 336 3627 mane
351 3565 383 3622 in
398 3563 473 3634 illis,
486 3581 552 3640 quae
567 3565 701 3625 didicisti
716 3575 747 3625 et
765 3567 880 3626 credita
893 3576 962 3628 sunt
976 3568 1031 3627 tibi
1054 3588 1060 3627 :
1081 3570 1179 3631 sciens
1195 3588 1213 3630 a
1231 3587 1288 3648 quo

219 3651 399 3712 »didiceris
412 3651 450 3709 Et
462 3651 531 3726 quia
545 3651 583 3710 ab
594 3653 718 3711 infantia
731 3670 829 3713 sacras
839 3654 966 3714 Litteras
980 3655 1073 3726 nosti,
1093 3675 1159 3733 quae
1177 3665 1207 3716 tc
1222 3675 1290 3736 pos·

219 3745 316 3797 »sunt
332 3738 480 3797 instruere
503 3736 541 3796 ad
554 3737 681 3798 salutem
694 3755 750 3816 pcr
764 3737 868 3809 sideni,
885 3759 951 3817 quae
966 3748 1011 3801 est
1026 3740 1057 3800 in
1069 3742 1188 3804 Christo
1206 3745 1225 3802 J
1228 3760 1288 3803 esu.

208 3842 237 3881 -a
251 3823 355 3883 Omnis
366 3824 517 3902 Scriptura
530 3824 675 3885 divinitus
689 3826 834 3904 inspirata
847 3828 929 3889 utilis
943 3837 988 3888 cst
1002 3828 1040 3888 ad
1052 3829 1239 3905 docendum,
1254 3829 1290 3890 ad

222 3910 452 3987 »arguendum
471 3910 509 3970 ad
527 3911 766 3989 corripiendum,
786 3914 825 3974 ad
845 3913 1043 3975 erudiendum
1061 3916 1092 3975 in
1109 3916 1240 3994 justitia,
1260 3922 1291 3976 ut

222 4011 239 4055 a
254 3993 403 4074 perlectus
412 3997 451 4056 sit
460 3996 549 4057 homo
558 3997 631 4067 Dei,
647 3997 685 4059 ad
702 4016 790 4058 omne
803 4016 876 4078 opus
889 4000 1002 4061 bonum
1015 4002 1184 4062 instructus.
1202 4023 1218 4059 »

207 4160 213 4165 ,
258 4079 303 4147 Ex
316 4082 455 4146 omnibus
470 4083 633 4166 adjunctis,
655 4092 741 4149 etex
759 4085 824 4165 ipso
843 4103 933 4167 scopo
952 4087 1039 4167 hujus
1056 4088 1154 4151 ultimi
1174 4095 1289 4169 textus,
