2708 4846
377 471 563 523 sistorum
582 472 768 523 stelionum
1064 473 1112 527 Μ

110 564 151 624 dt
169 563 244 641 Qiris
268 564 344 624 mibi
361 564 428 636 det,
442 572 475 625 ut
505 572 665 626 exarentur
687 566 720 627 in
733 566 832 636 libro,
848 565 925 645 stylo
939 565 1054 639 lerreo,
1078 576 1113 639 et

110 649 181 711 urbi
192 649 320 721 lamina,
332 651 382 711 sel
394 650 472 711 celte
487 651 659 730 sculpantur
670 651 704 712 in
715 651 821 713 silicet
831 672 847 709 u
857 653 972 712 Varum
983 668 1040 732 per
1049 651 1108 715 hoc

110 735 296 797 solummodo
316 737 457 815 exprimit
476 745 663 816 quantopere
684 754 843 824 persuasus
868 737 908 798 sit
924 736 963 800 de
980 738 1108 800 veritate

110 840 146 895 n,
160 840 228 900 quac
241 821 325 884 dicit.
338 823 385 882 lbi
397 822 436 885 dc
448 823 528 884 libro
542 823 695 884 ordinario
708 823 927 887 conscribendo
938 823 1109 888 nullatcnus

110 910 232 980 uastio,
254 917 286 985 ct
308 908 405 971 adhuc
425 912 523 972 minus
541 910 694 973 iudicatur
711 910 793 988 quod
813 911 874 974 Job
893 928 980 973 suum
995 911 1107 981 librum

110 996 193 1059 serit.
693 995 697 999 ’

110 1083 167 1161 iqui
176 1081 258 1143 hunc
266 1081 378 1141 librum
387 1083 473 1143 isaiae
482 1083 705 1161 adscripserunt
714 1083 753 1143 ob
764 1082 1008 1155 similitudinem,
1018 1100 1107 1162 quam

110 1166 181 1245 'ejus
193 1169 316 1248 stylum,
329 1168 499 1247 stylumque
510 1167 598 1247 hujus
609 1167 764 1247 prophetae
778 1167 1008 1248 deprehendere
1021 1179 1109 1231 autu-

110 1262 164 1325 mt;
186 1253 323 1315 nonnulli
340 1254 438 1333 ipsum
455 1255 657 1315 attribuerunt
675 1253 813 1325 Danieli3
826 1253 998 1333 ,Gregorius
1016 1255 1107 1318 anjs

109 1347 179 1402 ente
191 1339 407 1419 Polychronio,
424 1341 505 1402 hunc
517 1341 628 1401 librum
644 1341 798 1402 Salomoni
814 1339 981 1422 adscripsit.
991 1343 1107 1405 Verum

109 1430 156 1483 mt
167 1421 349 1500 conjecturae
361 1422 458 1484 solido
471 1423 667 1485 fundamento
683 1422 848 1485 destitutae.

109 1508 151 1569 dti
163 1515 263 1568 nutem
279 1527 348 1570 cum
363 1509 454 1569 variis
468 1509 607 1570 Patribus
618 1508 734 1570 Graecis
746 1515 778 1569 et
790 1508 890 1588 Syris,
901 1526 970 1571 cum
982 1510 1105 1573 Talmu·

109 1634 111 1651 .
125 1594 148 1666 ¹,
160 1594 349 1672 maximaque
362 1602 445 1672 parte
455 1595 673 1667 Rabbinorum,
684 1595 811 1673 Moysen
823 1593 910 1674 hujus
917 1595 990 1657 libri
999 1604 1105 1659 auoto-

109 1685 249 1751 statuunt,
263 1680 344 1757 quod
363 1680 388 1740 si
403 1687 464 1751 est,
478 1681 559 1741 libor
575 1680 627 1741 hic
640 1680 768 1759 scriptus
788 1679 845 1740 luit
863 1687 934 1742 ante
951 1697 1104 1761 egressum

109 1785 200 1829 orum
209 1785 247 1829 er
256 1769 402 1847 AEgypto,
416 1767 535 1844 mando
544 1768 665 1846 Moyses
680 1766 839 1829 in'Arabia
853 1769 1101 1832 commorabatur.

109 1914 139 1963 ll.
149 1938 181 1951 -
190 1914 284 1975 iloyses
293 1909 391 1974 scripsit
400 1913 492 1961 librum
502 1911 548 1960 iob
559 1912 616 1961 ante
627 1923 752 1973 egressam
761 1911 901 1961 ludaeorum
912 1923 946 1962 ex
956 1915 1064 1977 aegypto.

108 2037 133 2093 t.
145 2035 260 2096 Teutas
273 2033 346 2094 libri
358 2033 424 2094 'non
444 2039 491 2094 est
505 2032 659 2108 arabicus,
671 2032 726 2095 scd
737 2031 895 2106 hebraeus,
906 2032 988 2095 liber
1002 2040 1103 2097 autem

109 2137 197 2183 oema
216 2120 388 2199 egregium,
407 2118 493 2180 ideas
513 2119 644 2181 maxime
664 2118 824 2191 sublimes,
844 2127 957 2180 vastam
976 2121 1101 2194 artium,

108 2206 233 2275 tiarum,
262 2204 395 2264 historia
424 2204 570 2265 naturalis
590 2204 755 2285 imprimis,
783 2203 922 2264 notitiam
951 2207 1101 2280 continet,

108 2310 140 2353 m
150 2291 348 2371 probitatem,
357 2290 456 2368 lugam
468 2290 553 2361 vitii,
565 2289 678 2363 cultum
685 2291 774 2352 unius
783 2289 857 2363 Dei,
866 2291 1103 2371 resignatIonem

108 2376 407 2448 tinamvoluntatem,
420 2384 478 2435 etc.
493 2376 634 2437 inculcat.
645 2376 730 2436 Nihil
742 2377 816 2437 ineo
827 2378 959 2438 occurrit
968 2381 1104 2458 egressui

108 2481 217 2526 sorum
233 2479 271 2522 ex
290 2462 425 2540 AEgypto
440 2462 588 2534 ariterius,
603 2461 682 2522 nihil
696 2461 736 2523 de
747 2462 846 2542 plagis
863 2463 1009 2543 AEgypli,
1023 2465 1103 2526 nihil

108 2550 203 2614 insitu
214 2547 308 2609 Maris
318 2548 431 2619 Rubri,
446 2547 525 2608 nihil
543 2547 583 2608 de
600 2565 684 2609 mora
700 2548 733 2608 in
746 2547 885 2619 deserto,
897 2549 976 2609 nihil
986 2550 1025 2611 dc
1043 2553 1102 2613 Pa-

108 2652 155 2708 ra,
176 2642 237 2696 etc.
255 2635 325 2693 lam
344 2650 418 2695 vero
442 2633 510 2694 baec
532 2634 634 2692 omnia
645 2633 772 2709 Moysen
789 2639 824 2691 ut
847 2640 1001 2694 auctorem
1012 2635 1102 2713 hujus

114 2729 186 2785 aute
211 2736 365 2800 egressum
385 2719 562 2779 iudaeorum
580 2735 619 2778 ex
642 2718 761 2796 Egypto
776 2716 927 2788 indicant;
946 2721 1101 2797 praeclaras

116 2808 181 2891 ojus
193 2808 286 2869 animi
298 2806 400 2876 dotes,
417 2804 569 2875 scientiae,
581 2803 672 2873 libri,
684 2802 825 2864 sublimia
836 2802 953 2864 cantica
964 2807 1099 2884 poetica,

125 2895 333 2965 scientiarum,
349 2894 472 2964 artium,
484 2891 622 2953 historiae
640 2889 802 2964 naturalis,
816 2889 912 2970 leprae
934 2889 1101 2980 imprimis,

107 2980 146 3059 M,
162 2982 256 3058 ipsius
281 2981 433 3041 continuae
456 2977 676 3039 inculcationes
698 2976 797 3037 cultus
819 2976 909 3038 unius
932 2977 1000 3037 veri
1025 2980 1098 3053 Dei,

107 3064 249 3127 nationes
261 3064 299 3125 ad
311 3063 488 3124 exercitium
500 3063 620 3124 virtutis
633 3069 664 3123 et
676 3062 715 3122 ud
725 3061 912 3138 fugamvitii,
923 3078 990 3138 quae
999 3065 1101 3123 omnia

107 3151 273 3213 mtateucbo
293 3149 606 3229 reperiuntur,talem
625 3148 781 3225 antiquum
801 3148 910 3208 sistunt
930 3154 1098 3222 auctorem,

107 3254 140 3299 m
150 3237 292 3316 supponit
302 3237 382 3297 liber
392 3235 464 3296 Job.
474 3235 581 3296 Nullus
590 3234 715 3312 insuper
725 3233 803 3294 alius
816 3232 956 3310 antiquus
968 3233 1099 3314 scriptor

107 3344 161 3389 eus
181 3333 286 3397 aetate,
299 3342 358 3403 qua
377 3323 532 3384 liberlob
547 3322 678 3403 scriptus
697 3321 769 3391 luit,
787 3321 934 3393 occurrit,
947 3321 999 3400 qui
1011 3320 1098 3383 illum
1210 3326 1213 3330 '

107 3429 203 3479 onere
215 3413 377 3493 potuisset,
390 3419 502 3492 praeter
517 3412 654 3488 Moysen.

118 3498 206 3561 bisce
223 3500 374 3577 sequitur,
394 3498 506 3559 librum
528 3496 590 3556 lob
614 3513 681 3558 esse
704 3494 905 3573 antiquiorem
927 3494 994 3575 ipso
1016 3495 1097 3557 Pen-

106 3584 171 3647 tho.

201 3704 218 3780 8
231 3715 330 3776 ΕΗΒ·
340 3715 529 3776 Argumentum,
541 3713 647 3764 elocutio
658 3713 684 3762 et
694 3725 781 3775 scopus
791 3711 848 3761 libri
857 3711 912 3761 lob.

106 3832 234 3899 Hiber
245 3832 305 3894 lob
317 3837 380 3894 tres
390 3831 599 3911 complectitur
608 3838 726 3912 partes,
740 3831 911 3910 Prolopum,
926 3829 1092 3892 Tractatum

106 3918 239 4003 m:
251 3920 397 4000 Prologus
413 3918 587 3981 continetur
605 3936 670 3998 cap.
685 3918 750 3990 l-t,
766 3926 797 3979 et
812 3916 948 3997 prosaico
963 3924 1008 3978 est
1025 3934 1092 3979 exa-

106 4004 540 4105 3‚1tao‚ibiincoetosistuntur
551 4004 675 4085 judicia.
688 4005 769 4065 Deus
784 4011 817 4064 ut
827 4009 928 4064 rector
940 4002 1089 4078 universi,

106 4118 243 4177 bubilia·
