2708 4846
138 477 185 527 oti
548 477 592 525 oe
612 477 816 525 AUTHENTlA

176 571 247 626 tito.
261 571 313 629 ιιι.
324 567 463 648 Apostoli
473 569 548 631 alios
559 587 599 629 ne
611 571 757 648 decipere
770 568 895 647 quidem
906 568 1093 648 potuissent,
1107 567 1208 630 etiami

139 654 320 725 voluissent;
335 654 366 715 ι’
391 656 516 717 enimsi
538 655 611 717 falsa
631 655 898 736 predicamenta
922 652 1057 721 Judaeis,
1080 653 1133 730 qui
1155 672 1212 716 cum

140 740 261 803 Christo
268 741 418 812 vixerant,
427 740 595 802 manifestae
605 739 743 801 falsitatis
752 739 885 800 convicti
898 739 1213 813 tuissenntudaeonm

140 826 223 888 enim
235 825 340 886 luisset
351 824 404 886 illa
416 825 489 886 ialsa
499 824 643 904 probare,
658 841 725 902 quae
738 842 842 885 eormn
853 823 1040 903 religionem
1051 823 1213 904 abrogabat

140 927 207 973 esse
223 909 468 991 comprobabant.
483 911 514 970 2⁰
528 911 560 971 si
578 927 646 989 quae
660 911 699 971 de
712 928 764 971 suo
777 911 922 988 magistro
935 909 1103 970 narrabant
1114 926 1132 971 a
1143 910 1213 971 reri-

95 996 100 1007 '
139 1003 202 1057 tate
214 996 463 1067 alienaiuissent‚
475 1003 506 1057 et
518 1013 570 1057 sua
583 996 664 1056 dieta
674 994 828 1056 miraculis
840 1012 902 1055 non
915 991 1157 1063 confirmassent,
1165 1010 1213 1056 nec

139 1085 308 1163 potmssent
317 1083 534 1144 Judaeosasua
546 1083 714 1162 religione,
725 1099 792 1159 quae
806 1080 886 1160 apud
896 1098 948 1141 eos
957 1080 1214 1161 perplurasecnla

139 1171 273 1233 stabilita
287 1179 366 1244 erat,
381 1178 412 1232 et
428 1169 732 1249 cuipertinacissime
745 1165 957 1237 adhaerebant‚
972 1167 1130 1238 avellere,
1144 1165 1214 1229 etad

139 1247 295 1317 hominem
307 1257 375 1316 ab
366 1257 440 1334 apsis
455 1256 544 1334 paulo
558 1262 646 1315 antea
660 1253 946 1333 ignominiosissima
958 1261 1060 1313 morte
1073 1211 1213 1314 adibam

139 1347 174 1402 ιιι
184 1359 271 1401 suum
284 1340 440 1411 Messiam,
455 1347 487 1399 et
498 1341 595 1400 Deum
608 1338 793 1399 adorandum
811 1337 995 1417 perducere,
1014 1353 1076 1398 nec
1090 1337 1214 1418 regern

139 1427 338 1505 areligione,
352 1443 419 1504 quae
431 1425 511 1506 apud
523 1442 629 1487 omnes
645 1425 771 1506 populos
782 1422 869 1503 hujus
888 1423 1041 1495 universi,
1061 1438 1155 1502 parva
1167 1438 1214 1484 na-

139 1511 224 1573 tione
237 1514 361 1573 hebraea
377 1519 517 1591 excepta,
539 1511 768 1583 dominabatur,
786 1518 817 1570 et
830 1510 1023 1589 passionibus
1042 1510 1214 1573 amicissima

140 1606 219 1670 erat,
229 1598 267 1658 ad
279 1605 427 1659 austeram
439 1597 553 1659 Christi
564 1597 757 1675 religionem,
770 1597 960 1677 passionibus
969 1596 1212 1668 inimicissimam.

139 1679 327 1759 pertrahere.
350 1678 441 1740 Adde
462 1694 581 1751 omnes,
606 1680 658 1756 qui
683 1679 779 1739 tribus
803 1678 910 1758 primis
933 1677 1055 1739 saeculis
1078 1678 1213 1743 Ecclesiae

139 1763 253 1828 Christi
267 1763 358 1825 iidem
370 1762 642 1842 amplectebantm,
653 1763 794 1825 debuisse
806 1763 989 1834 honoribus
1002 1762 1125 1825 divitiis
1129 1762 1214 1842 ,ipsi-

139 1869 199 1930 que
212 1853 282 1913 vitae
294 1850 483 1920 valedicere,
498 1856 642 1911 ettamen
654 1856 701 1910 tot
718 1849 958 1912 Christianorum
974 1849 1133 1912 milliones
1145 1857 1214 1912 tem·

14 1976 19 1983 «
138 1938 423 2018 poreTertullram
414 1955 445 1997 m
454 1937 585 2016 Imperia
595 1939 731 1997 Romano
742 1937 845 2009 iursse
857 1943 891 1996 ut
900 1934 971 1997 hae
962 1954 995 1996 ιιι
1008 1953 1065 1997 sua
1075 1936 1213 2018 Apologia

139 2023 289 2084 scriberet
291 2021 470 2102 ,Imperium
478 2024 648 2083 Romanum
657 2038 741 2099 quasi
731 2021 818 2080 iore
832 1982 996 2091 desertum,
1012 2021 1040 2081 si
1057 2018 1212 2084 Christiani

140 2125 180 2170 cx
192 2125 229 2168 eo
241 2109 436 2180 secederent
448 2115 480 2168 et
491 2107 727 2168 demonstratum
738 2105 882 2177 habebas
896 2105 1069 2183 apostolis,
1082 2106 1213 2207 spectatis

139 2192 386 2262 circumstantiis,
401 2191 587 2271 impossibile
599 2191 706 2264 tuisse,
720 2198 754 2250 ut
766 2207 834 2270 quae
846 2207 1011 2269 numquam
1022 2191 1212 2273 contigissent

138 2279 281 2340 universo
295 2280 363 2339 orbi
375 2286 408 2337 ut
420 2295 492 2338 vera
505 2278 714 2340 obtruderent.

176 2363 248 2418 titt.
263 2365 314 2420 lv.
329 2362 362 2422 si
379 2363 515 2439 Apostoli
533 2363 712 2443 impostores
730 2363 855 2426 inissent
870 2370 1054 2443 sequeretur
1067 2364 1112 2436 ι’,
1128 2363 1212 2426 maxi·

137 2464 218 2508 mam
230 2448 313 2508 orbis
325 2452 472 2507 terrarum
483 2455 598 2527 partem
607 2465 663 2528 per
675 2448 782 2509 decem
793 2457 824 2511 et
833 2458 902 2511 octo
913 2451 1024 2513 saecula
1037 2451 1130 2514 luisse
1138 2449 1212 2513 deln

138 2550 217 2605 sam,
232 2532 396 2611 etquidem
413 2550 469 2611 per
483 2532 645 2595 duodecim
657 2535 822 2612 piscatores
838 2534 1027 2606 illitteratos,
1047 2538 1133 2599 viros
1149 2534 1213 2597 doe·

139 2619 269 2681 tissimos
288 2636 322 2680 ac
340 2619 552 2697 integerrimos
568 2619 745 2681 saeculorum
762 2619 996 2681 christianornm
1008 2622 1046 2698 gin
1063 2641 1099 2684 re
1112 2621 1209 2684 smnmi

137 2707 283 2769 momenti
296 2706 388 2767 luisse
400 2707 558 2785 deceptos,
573 2712 604 2768 ct
615 2709 835 2787 quamplurima
847 2709 1014 2787 Martyrum
1024 2711 1124 2772 millia
1134 2727 1210 2774 suum

137 2793 373 2872 sanguinempro
381 2792 454 2852 ialsa
464 2793 613 2871 religione
619 2793 729 2854 fudisse
737 2813 745 2864 ;
759 2793 942 2855 2⁰vaticinia
956 2797 1075 2858 veteris
1085 2794 1210 2858 aedeis

138 2893 210 2937 casu
229 2875 269 2943 ad
291 2876 450 2936 absurdum
471 2877 621 2955 paradoxo
641 2879 699 2939 soli
713 2878 849 2950 Christo,
865 2885 896 2939 et
912 2896 1078 2958 perperam
1097 2880 1209 2961 quiden

138 2961 327 3022 convenisse.
344 2961 478 3022 Videant
498 2964 666 3036 increduli,
687 2972 787 3024 utrum
805 2965 872 3025 haec
888 2981 1012 3025 sensum
1030 2980 1208 3029 commanem

136 3062 199 3106 non
213 3046 385 3108 offendant:
400 3069 415 3104 a
418 3049 490 3109 fria
501 3057 571 3110 sunt
583 3048 791 3121 incredibilia
814 3051 857 3109 ait
872 3051 1078 3130 Augustinus,
1094 3057 1209 3132 quieta

138 3151 155 3188 ιι
168 3148 239 3192 men
261 3132 338 3194 lacta
360 3141 448 3194 sunt
461 3131 644 3195 Incredibile
670 3141 717 3195 est
741 3135 892 3198 Christum
916 3138 1122 3199 resurrexisse
1151 3152 1209 3198 em

140 3240 154 3272 ιι
168 3235 274 3290 carne,
289 3219 340 3278 et·
331 3237 363 3277 ιιι
377 3217 487 3278 coelum
499 3219 669 3280 ascendisse
682 3238 750 3281 cum
760 3236 866 3291 carne;
880 3221 1068 3283 incredibile
1079 3230 1209 3284 estmoe

138 3324 156 3360 ι
168 3305 239 3365 dum
252 3322 318 3364 rem
330 3311 390 3364 tam
403 3305 616 3365 incredibilem
628 3306 809 3378 credidisse,·
823 3306 1009 3368 incredibile
1023 3318 1072 3371 est
1082 3309 1209 3371 homines

137 3389 333 3469 »ignobiles,
354 3389 490 3459 intimos,
508 3391 718 3469 paucissimos,
741 3393 898 3472 imperitos
922 3411 989 3455 rem
1004 3402 1070 3457 tam
1088 3394 1210 3459 incredi-

119 3496 155 3533 .ιι
166 3475 262 3536 bilem
272 3484 331 3536 tam
346 3473 507 3536 eisrcaciter
518 3477 641 3549 mundo,
655 3489 687 3538 et
697 3480 728 3538 in
741 3479 794 3539 illo
809 3479 900 3540 etiam
913 3479 1012 3543 doctis
1014 3482 1210 3562 ‚persuadere

137 3580 154 3616 ιι
167 3561 309 3641 potuisse
325 3562 439 3620 Horum
451 3562 543 3621 trium
559 3562 786 3624 incredibilium
797 3565 928 3644 primum
941 3567 1080 3628 nolunt
1069 3568 1139 3642 reti,
1152 3582 1210 3631 ean

138 3646 274 3723 »qmbus
285 3661 416 3724 agimus
430 3647 572 3720 credere,
589 3648 755 3710 secundum
770 3657 918 3729 coguntur
930 3660 962 3712 et
973 3670 1125 3728 eernere
1140 3650 1210 3736 qaod

137 3747 154 3784 ιι
167 3746 227 3789 non
239 3731 399 3791 inveniunt
411 3732 492 3792 unde
504 3734 544 3795 ιιι
556 3736 684 3807 lactum
698 3753 724 3797 sa
736 3753 799 3798 nou
810 3735 939 3798 credunt
949 3739 1115 3804 tertium
1129 3762 1147 3802 a

167 3839 291 3903 ¹August
303 3844 339 3893 bo
350 3843 422 3894 divit.
433 3845 479 3892 Dei
490 3845 544 3894 hit)
554 3846 594 3908 tl,
605 3859 629 3895 e.
637 3847 664 3896 ιι.

770 3968 785 3993 ι’
834 3963 836 3966 ’
866 3961 891 3987 “,
1006 3934 1030 3963 Ι..

742 3989 774 4012 ”
909 3993 914 4012 ¹
942 3983 1033 4024 ιι-Ηι.4

898 4026 902 4035 ι
