2708 4846
131 453 164 508 t!
530 446 809 513 bruttianis}

132 545 214 627 «qui
226 558 297 610 eun
311 559 415 607 errare
426 538 602 616 so'scntiat,
619 543 700 605 uiuo
718 541 850 621 mpemu
871 538 904 599 iu
915 535 1032 618 lapides
1043 536 1167 618 pingat,
1178 543 1214 601 ut

131 653 150 692 o
161 632 396 715 populusomnis
414 629 566 692 offendat?
577 631 646 711 lpse
664 628 724 691 sibi
743 627 846 689 oculos
858 625 953 694 eruit,
966 630 1118 685 momnes
1136 624 1214 689 cerci

131 719 311 796 »sintiQui
323 735 381 779 nec
393 717 432 779 de
444 717 512 779 aliis
524 716 605 778 bene
620 720 792 784 mereatur,
805 729 881 791 quos
897 710 1009 794 patitur
1020 724 1141 783 enare,
1151 726 1213 775 nee

130 803 200 865 ade
216 804 328 884 seipso,
339 804 393 882 qui
405 803 513 865 aliems
528 801 648 864 accedit
659 800 854 863 erroribus.»
909 826 914 831 ·

166 889 282 949 Auctor
293 889 380 967 impii
394 888 467 949 libri
483 887 611 950 :Codex
621 888 742 947 Naturae
752 882 791 963 (lc
802 882 878 947 Codc
889 881 925 943 de
937 881 968 943 io
979 883 1102 953 Natam,
1112 881 1210 965 tito),

129 976 182 1053 qui
201 992 269 1036 ciuu
290 976 359 1038 aliis
379 974 534 1036 nonnullis
556 973 750 1052 Religionem
773 987 895 1032 omnem
917 968 1067 1033 emundo
1086 971 1211 1037 exulare

129 1061 233 1132 vellet,
246 1062 360 1124 insanit
372 1062 470 1122 Deum
481 1077 540 1121 nec
549 1059 609 1120 coli
620 1076 679 1120 nec
689 1058 803 1120 otiandi
815 1073 913 1136 posse.

110 1184 113 1190 -
164 1148 279 1210 Verum
290 1150 348 1210 Dei
360 1148 458 1210 cultus
470 1153 516 1209 eet
532 1146 725 1209 observantia
736 1145 907 1206 divinarum
922 1143 987 1222 ejus
1002 1145 1208 1227 praeseriptio·

126 1250 216 1304 utun,
230 1234 386 1295 obsecutio
399 1233 510 1293 divinae
524 1232 605 1292 illius
613 1231 772 1293 voluntati.
785 1231 863 1290 Num
875 1228 941 1291 baec
952 1229 998 1288 illi
1010 1230 1135 1309 placere
1146 1251 1206 1298 nou

128 1316 244 1378 debet?
259 1317 363 1378 Potest
381 1331 456 1393 ergo
467 1316 549 1375 Deus
568 1313 638 1374 coli.
651 1312 787 1375 Oitensio
799 1312 856 1373 Dei
869 1319 915 1372 est
931 1314 1133 1391 transgressio
1144 1316 1205 1396 ejus

126 1401 248 1480 legum,
272 1401 445 1462 resistentia
456 1400 539 1459 illius
549 1398 709 1459 voltmtati.
721 1400 801 1458 Nmn
820 1397 887 1458 haec
898 1396 957 1477 ipsi
969 1396 1136 1478 displicere
1146 1419 1204 1467 nou

127 1487 238 1548 debet?
255 1487 361 1548 Potest
381 1501 454 1564 ergo
477 1486 559 1547 uem
573 1484 699 1546 otiandi.
720 1483 861 1545 Absurde
874 1482 1006 1544 auctoris
1028 1482 1202 1565 hypothesis

125 1575 268 1653 supponit
283 1573 399 1633 nullum
415 1571 580 1633 discrimen
604 1571 800 1632 essebonum
818 1570 899 1631 inter
919 1575 952 1631 et
971 1570 1100 1642 maltum
1126 1575 1203 1652 quod

125 1656 179 1721 fini
190 1659 375 1736 ,creationis
397 1664 483 1719 recto
499 1674 602 1717 renna
619 1656 721 1718 ordini
737 1664 769 1717 et
780 1655 882 1716 sensui
898 1654 1006 1716 intimo
1019 1656 1202 1723 adversatam

160 1747 197 1807 D.
212 1746 252 1809 de
264 1745 400 1806 Voltaire
412 1745 445 1804 iu
457 1750 598 1822 poemate
614 1741 655 1804 de
672 1742 834 1823 Religioue
848 1742 979 1802 naturali
993 1739 1119 1819 (Petne
1130 1745 1203 1807 delo

123 1829 255 1908 Religion
264 1830 424 1906 outorctte)
441 1829 553 1902 effutit,
566 1828 727 1910 indignum
739 1845 806 1891 esse
821 1844 962 1907 supremo
979 1828 1107 1893 numine
1122 1832 1202 1914 pasci

122 1914 264 1978 laudibus
273 1916 448 1988 homimum,
459 1916 647 1995 mulcerique
656 1915 827 1976 mortalium
837 1915 927 1975 votis.

161 2003 218 2061 Ast
238 2003 425 2063 materialem
444 2002 606 2063 admodum
626 2001 718 2061 fuisse
738 2006 858 2079 oportet
875 1999 1121 2075 hmrcDeistam,
1134 2003 1202 2066 dum

123 2088 185 2147 Em
196 2085 450 2148 Persectissimum
461 2087 621 2147 defectivis
631 2085 805 2146 hominibus
817 2085 977 2146 adsimilat.
989 2086 1099 2151 Edicat
1116 2093 1201 2154 nobis

121 2190 196 2234 uum
211 2173 277 2232 Deo
295 2172 454 2249 indignum
469 2173 522 2245 sit,
542 2172 665 2249 exigere
690 2188 708 2230 a
728 2172 874 2232 creaturis
896 2174 1110 2248 rationalibus,
1131 2198 1201 2259 quas

122 2255 280 2325 condidit,
291 2258 464 2325 conservat,
477 2256 509 2315 in
518 2255 644 2332 diesque
654 2253 813 2316 benefieiis
824 2256 970 2327 cmnulat',
990 2259 1079 2340 signa
1089 2280 1153 2327 sure
1163 2265 1200 2329 ab

121 2340 176 2400 illo
194 2339 425 2420 dependendae,
439 2340 564 2411 amoris,
576 2340 773 2410 reverentiae,
787 2342 914 2413 timoris,
934 2345 1017 2405 etc?
1216 2339 1222 2357 '
1244 2350 1247 2355 '

97 2427 104 2443 ’
159 2425 264 2489 Cultits
282 2427 402 2487 externi
422 2427 635 2486 necessitatem
653 2425 874 2506 utilitatemque
893 2432 1044 2509 negarunt
1062 2442 1200 2501 auctores

120 2511 304 2572 Litterarum
321 2511 508 2572 Persicarum
517 2512 709 2588 (Dcchttres
718 2513 923 2591 Pcrsuocslli.
934 2516 973 2577 de
987 2518 1200 2603 Montesquieu

120 2598 211 2678 vulgo
224 2597 433 2658 attributamm
444 2595 545 2676 (Lett.
557 2600 576 2658 l
589 2606 620 2660 et
636 2599 709 2677 56)”;
722 2600 902 2662 Litterarum
913 2602 1110 2670 Judnicarnm
1121 2612 1133 2688 (
1140 2613 1200 2675 Da

120 2683 349 2763 Lettrecluiveq)
363 2684 533 2746 Marcbioni
545 2686 694 2766 d'Argens
705 2688 922 2767 adscriptannn
933 2689 945 2767 (
956 2692 1034 2753 Lett.
1045 2693 1106 2757 liet
1118 2698 1197 2778 lid);

119 2768 302 2830 Litterarum
314 2768 564 2831 cabalisticarum
576 2780 607 2832 ct
618 2774 852 2835 Peruvunarum
862 2774 941 2853 (Des
952 2775 1047 2842 lettres
1065 2780 1198 2847 Gabalu-

79 2884 86 2899 =
119 2857 211 2934 tiques
226 2862 253 2913 ct
264 2856 481 2929 Piruoiomes),
495 2865 526 2917 et
537 2871 719 2938 anonymus:
731 2861 780 2933 ¹De
791 2860 954 2940 Religioue
968 2868 1124 2930 essentiali
1135 2870 1198 2948 (De

121 2938 291 3018 loitcliqioo
298 2940 484 3016 essentialia).

156 3023 218 3087 Sed
230 3025 304 3087 licet
314 3026 396 3087 Deus
408 3027 491 3088 cultu
503 3034 627 3089 externo
640 3044 702 3088 non
714 3027 865 3108 indigeat,
875 3037 979 3111 utpote
992 3033 1195 3115 beatissimus,

118 3127 189 3174 eum
201 3118 303 3173 tamen
316 3113 414 3193 exigit
425 3121 489 3175 tum
501 3116 582 3194 quod
593 3115 682 3176 homo
691 3133 753 3176 non
764 3117 862 3177 solum
871 3119 969 3199 quoad
978 3130 1126 3198 mentem,
1136 3145 1196 3207 qua

117 3196 164 3256 illi
184 3198 299 3259 cultum
316 3199 469 3259 internum
485 3200 647 3279 persolvit,
666 3200 721 3261 sed
734 3200 1050 3281 etiamquoadcorpns
1058 3207 1196 3273 abeode-

115 3279 239 3377 pendet3
248 3281 332 3376 quod
338 3285 466 3362 proinde
475 3293 505 3345 et
513 3303 601 3347 suum
607 3285 783 3366 homagium
798 3287 829 3348 ci
847 3286 954 3359 debet,
968 3295 1032 3350 tum
1043 3292 1083 3354 ad
1095 3296 1194 3360 cultus

116 3372 273 3423 rutenoris
285 3372 507 3424 incrementum
519 3373 551 3426 et
564 3367 793 3439 excitationem,
807 3377 870 3432 tum
881 3372 920 3433 ad
933 3377 1107 3455 exempltmr
1118 3380 1194 3444 alio-

116 3462 198 3519 rum,
211 3455 274 3507 tum
285 3445 324 3506 ad
336 3455 467 3508 nostram
479 3451 641 3511 utilitatem
656 3472 663 3510 :
678 3454 768 3515 d'obis
779 3457 896 3535 prodest
908 3460 999 3523 colere
1009 3463 1122 3538 Dum,
1133 3486 1193 3531 nott

116 3532 177 3614 'apsi
186 3535 264 3604 Deo,
273 3532 317 3592 ait
328 3533 359 3593 S.
372 3534 557 3613 Augustinus
568 3536 694 3619 Paganis
705 3541 836 3620 (Quaest.
850 3538 893 3617 5).

153 3618 291 3681 christus
303 3617 444 3719 equidem
464 3619 572 3695 (Joau.
585 3626 619 3695 t,
633 3625 685 3713 itt)
700 3645 708 3686 z
722 3647 738 3683 a
751 3629 889 3708 Spiritus,
902 3632 1012 3710 inqiut,
1025 3641 1072 3696 est
1081 3638 1167 3703 Deis
1180 3663 1190 3703 ε

116 3722 134 3761 n
147 3712 180 3765 et
192 3722 254 3776 eos,
262 3723 315 3784 qur
329 3704 454 3766 adorant
467 3723 546 3780 eum,
555 3710 587 3770 in
597 3713 706 3790 spiritu
718 3717 883 3778 etvaritate
890 3722 1190 3800 oportet1adorarem

115 3787 173 3849 Ast
198 3789 253 3888 bic
276 3791 374 3853 cultus
399 3792 537 3856 internus
557 3804 717 3859 externum
739 3820 801 3863 non
827 3803 960 3867 excludit
967 3824 977 3878 3
1001 3805 1068 3869 fieri
1091 3811 1189 3877 immo

115 3875 279 3975 neqmdem
286 3884 396 3958 potest,
404 3884 437 3937 ut
449 3878 546 3944 cultis
554 3890 658 3946 noster
669 3885 816 3962 internus,
830 3890 856 3952 si
868 3892 1003 3955 doceres
1013 3903 1044 3956 et
1050 3896 1190 3967 fervidus

115 3964 226 4058 estin
246 3965 380 4028 actiones
395 3972 534 4029 externas
544 3988 607 4031 non
620 3982 764 4053 erumpat.
779 3975 882 4041 Cultus
894 3988 1047 4053 externus,
1061 3984 1187 4052 interno

115 4040 600 4132 datrtuau,1)cosanedis'pticct
613 4075 622 4118 a
636 4077 654 4118 n
665 4058 754 4124 Haud
765 4063 840 4138 scio,
854 4085 871 4127 u
883 4065 982 4149 iuquit
993 4068 1113 4139 Tutum
1123 4072 1187 4158 (de
