2708 4846
232 475 264 524 80
635 471 679 519 DE
694 464 902 518 nrvmrrbrr:

230 560 322 621 tionis
347 557 443 636 prolis
464 557 597 618 obtineri
617 565 727 635 posset,
754 557 830 616 lieet
855 549 1000 631 conjuges
1014 545 1137 609 vinculo
1157 549 1303 624 perpetuo

229 644 365 706 adstricti
380 643 461 704 haud
476 652 585 705 essent.
606 642 750 703 Diiieiret
771 657 789 702 a
809 639 973 702 concubitu
984 633 1164 703 fornicario,
1178 647 1216 692 eo
1226 628 1302 709 quod

229 729 297 791 finis
310 729 374 808 ejus
386 737 465 791 esset
477 729 678 808 generatione
688 727 827 789 educatio
837 725 948 805 prolis,
961 739 1031 782 cum
1050 717 1118 779 finis
1130 716 1301 779 concubitu

228 814 384 878 iomioarii
399 817 440 878 sit
455 815 611 877 exsatiatio
632 813 781 875 libidinis.
794 813 896 888 Quare
916 825 985 870 cum
1006 803 1184 883 conjugium
1203 810 1301 865 natura

226 918 296 973 sua,
306 903 508 964 abstractione
517 902 536 962 a'
544 901 615 981 lege
625 901 684 961 Dei
695 898 827 979 positiva
837 897 931 966 faeta,
944 893 1022 956 solvi
1033 890 1144 971 possit,
1155 896 1189 951 et
1197 890 1300 951 inorsa

228 986 261 1063 (1
273 988 343 1052 Cor.
356 989 389 1059 7,
401 990 452 1066 id)
464 1004 571 1067 reapse
587 987 737 1057 solvatur,
748 990 834 1063 patet
845 984 991 1060 Moysen,
1012 979 1211 1059 permittente
1227 976 1298 1049 Deo,

227 1074 268 1134 ob
280 1075 605 1157 pergravesurationes,
619 1073 659 1133 ob
678 1071 822 1133 duritiem
835 1086 948 1148 nempe
962 1066 1062 1129 cordis
1073 1065 1300 1135 iudaeormu,ot

129 1174 133 1185 “
228 1159 366 1224 Christis
376 1161 511 1240 loquitur
519 1159 672 1237 (Matthaei
682 1155 884 1233 ii),8),illud
892 1153 969 1216 solvi
977 1151 1297 1230 permittercpotuisse

264 1246 409 1307 Rationes
419 1254 520 1307 autem
528 1246 568 1306 ob
580 1261 654 1323 quas
663 1245 784 1322 Moyses
792 1241 933 1303 libellum
942 1237 1064 1318 repudii
1082 1236 1299 1299 matrimonium

107 1387 110 1391 .
227 1329 445 1393 dissolventem
455 1331 594 1411 permisit
610 1337 700 1392 sunt:

264 1417 477 1497 Cumtantiqm
490 1433 613 1497 sponsas
625 1433 692 1477 suas
715 1419 854 1474 emerent
864 1411 906 1489 (n.
921 1409 985 1487 60),
996 1411 1028 1470 in
1041 1409 1109 1471 illas
1127 1425 1160 1471 se
1180 1404 1300 1489 proinde

225 1500 273 1579 jus
283 1503 451 1575 absolutum
469 1504 584 1565 habere
594 1502 664 1572 rati,
679 1518 730 1562 eas
739 1518 794 1581 pro
814 1500 905 1560 libitu
921 1497 1085 1575 repudiare
1096 1512 1187 1575 posse
1209 1495 1302 1558 existi

227 1589 360 1648 mabant.
381 1590 467 1659 ¹Hinc
491 1606 556 1648 mos
578 1586 760 1664 conjugibus
786 1603 843 1665 pro
865 1584 992 1657 arbitrio
1014 1581 1212 1643 renuntiandi
1230 1581 1302 1662 apud

227 1674 350 1734 iudaeos
364 1675 494 1734 maxim0
511 1674 690 1734 invaluerat.
712 1673 793 1733 Huic
813 1670 962 1742 torrenti,
987 1669 1061 1746 quin
1082 1666 1302 1729 alirmdeem·
1341 1688 1345 1731 ε

227 1758 328 1830 daret,
339 1760 460 1837 Moyses
473 1760 594 1820 obicem
612 1774 729 1838 ponere
739 1756 820 1818 haud
841 1755 941 1835 potuit
958 1754 1017 1814 nisi
1030 1753 1123 1813 modo
1140 1753 1303 1835 indirecto,
1343 1774 1345 1779 ·

226 1845 405 1906 inculcando
417 1847 643 1905 matrimonium
654 1844 824 1904 institutum
835 1857 902 1902 esse
910 1838 1122 1900 indissolubile
1133 1882 1143 1910 ,
1154 1846 1191 1900 ut
1208 1841 1301 1919 (Gen.

226 1930 261 2001 2,
279 1931 340 2008 ib)
358 1930 431 1992 iecit
446 1930 566 2007 1(Coni.
589 1929 683 1991 Mich.
705 1930 738 2000 2,
761 1928 790 1989 9.
809 1926 939 1988 Malaob.
962 1925 997 1995 9,
1016 1924 1098 1999 11);
1121 1931 1209 1986 tanta
1230 1927 1303 1988 enim

225 2034 344 2076 morum
360 2015 553 2086 ieritaserat‚
566 2014 727 2086 utJudaei,
742 2015 769 2074 si
785 2030 858 2092 quas
870 2013 940 2073 odio
952 2010 1109 2071 habebant
1128 2028 1239 2074 uxores
1255 2030 1303 2093 pro

226 2117 312 2161 more
334 2102 498 2180 repudiare
522 2100 604 2160 haud
625 2100 810 2176 potuissent'‚
831 2097 1001 2158 uxoricidia
1023 2096 1112 2157 iacile
1133 2104 1303 2160 tentassent

227 2186 304 2248 Cum
321 2185 415 2264 igitur
433 2185 555 2262 Moyses
575 2184 688 2243 malum
703 2183 763 2244 hoe
784 2184 894 2243 tollere
911 2201 972 2243 non
994 2189 1114 2261 posset,
1137 2183 1305 2246 facultaim

227 2271 328 2329 mariti
348 2270 521 2329 dimittendi
544 2286 670 2329 uxorem
687 2269 848 2340 limitavit,
862 2270 1038 2330 statuendo:
1108 2334 1112 2343 ¹
1320 2318 1325 2327 .

265 2354 296 2414 1ο
307 2356 349 2414 Ut
360 2355 534 2432 repudium,
551 2355 694 2432 equidem
713 2373 776 2416 non
792 2355 1019 2416 interveniente
1037 2344 1161 2432 judidc,
1187 2362 1233 2418 ast
1248 2371 1306 2418 non

227 2439 294 2499 sine
306 2439 413 2499 libello
425 2440 546 2517 repudii
564 2457 621 2519 per
640 2441 781 2501 maritum
794 2443 922 2521 scripto,
943 2449 974 2501 et
985 2458 1047 2500 non
1058 2449 1221 2519 antequam
1236 2456 1307 2502 uxor

139 2520 143 2528 ’
227 2542 297 2586 eum
304 2526 363 2585 hoc
372 2525 480 2585 libello
491 2534 522 2586 et
532 2525 622 2586 domo
635 2528 827 2599 excessisset,
839 2534 937 2588 ratum
946 2527 1033 2588 ioret.
1042 2526 1109 2603 Qua
1117 2526 1307 2590 restrictione

227 2612 336 2673 subitis
345 2611 510 2673 iracrmdiae
519 2613 652 2673 motibus
663 2612 853 2673 obviabatur.
1029 2684 1033 2691 ¹

127 2689 136 2709 ⁸
264 2698 296 2757 2⁰
307 2700 351 2758 Ut
360 2715 435 2757 uxor
445 2699 604 2776 repudiata
612 2707 644 2759 et
655 2698 744 2759 alteri
755 2701 864 2759 marito
874 2705 983 2778 nupta,
996 2700 1143 2758 reassumi
1151 2700 1306 2779 nequiretr

228 2780 1306 2863 quotciiusrepuuiandiconjugesreprimebatur‚etquofidessecnndo

226 2871 418 2931 matrimonio
437 2870 659 2930 stabiliebatur.
681 2873 805 2931 Poterat
816 2880 917 2931 autem
934 2871 1058 2931 maritus
1070 2888 1213 2944 uxorem,
1225 2880 1306 2933 anto-

228 2975 315 3034 quam
328 2957 367 3015 ab
387 2955 446 3015 alio
459 2955 490 3013 in
510 2955 670 3036 conjugem
683 2956 772 3017 ducta
784 2965 879 3029 esset,
899 2960 1069 3027 resumere,
1083 2958 1154 3033 quia
1167 2975 1226 3037 per
1236 2974 1307 3019 con·

227 3042 361 3104 cubitum
372 3058 441 3101 cum
451 3041 510 3100 alio
520 3042 587 3103 viro
598 3043 714 3121 polluta
725 3059 787 3103 non
798 3042 896 3104 iuerat
907 3043 918 3119 (
929 3042 1000 3103 vide
1025 3044 1090 3103 Jcr.
1102 3042 1135 3114 ὅ,
1149 3044 1200 3120 i).

263 3127 417 3204 Quaeritur
428 3135 528 3187 autem
539 3136 640 3189 utrum
651 3129 771 3206 Moyses
784 3145 971 3208 quacumque
984 3145 1120 3189 excausa
1137 3127 1307 3208 permiserit

227 3214 342 3275 iudaeis
354 3213 492 3272 libellum
502 3216 645 3293 repudii?
667 3217 714 3279 Ci.
738 3216 819 3276 Jahn
833 3218 983 3276 existimat
1015 3217 1141 3292 Moysen
1160 3216 1308 3277 rationem

126 3368 130 3380 .
227 3301 265 3360 ad
273 3298 433 3376 repudium
441 3299 640 3360 sufficientem
648 3302 824 3360 maritorum
832 3302 959 3361 arbitrio
968 3301 1308 3378 reliquissc¹.Cumvox

225 3384 389 3452 hebraica,
405 3383 565 3441 nuditatem
586 3386 630 3441 rei
650 3383 841 3462 significans,
861 3387 955 3446 variat
974 3387 1219 3465 interpretationi
1238 3386 1309 3448 srib-

223 3469 305 3548 jecta
313 3469 363 3542 sit,
370 3476 508 3548 tempore
520 3470 651 3528 Herodis
663 3472 764 3548 magni
775 3473 853 3532 acris
866 3472 905 3533 dc
917 3474 980 3552 ejus
997 3490 1087 3533 sensu
1099 3480 1166 3532 orta
1178 3472 1309 3535 estinter

226 3555 349 3618 Judaeos
363 3556 529 3616 contentio.
543 3554 652 3615 Schola
670 3557 771 3617 Rabbi
787 3559 880 3619 Hillcl
893 3558 1106 3629 contendebat,
1128 3558 1308 3636 quamlibet,

227 3642 320 3701 etiam
329 3641 503 3710 minimam,
522 3656 641 3721 causam
651 3643 760 3702 marito
772 3644 811 3703 ad
821 3644 1039 3724 repudiandam
1058 3641 1311 3723 conjugemsuffi·

227 3743 315 3801 cere,
328 3728 409 3807 quod
418 3727 481 3806 logi
492 3727 616 3802 Moysis,
631 3728 728 3791 aitCl.
741 3730 850 3803 Jabn¹,
865 3748 933 3808 quac
942 3747 1061 3791 causam
1069 3731 1198 3791 arbitrio
1208 3730 1310 3791 mariti

227 3817 390 3887 commisit,
409 3831 472 3875 non
495 3813 685 3885 adversatur,
698 3815 753 3875 sed
771 3823 921 3896 repugnat
930 3815 1100 3893 disciplinae
1118 3818 1250 3890 morali,
1272 3816 1311 3878 da

227 3912 287 3971 qua
305 3899 459 3979 legislator
486 3901 608 3976 Moyses
636 3903 753 3963 locutus
774 3920 836 3964 non
859 3904 966 3963 iuerat.
989 3902 1099 3964 Schola
1115 3921 1189 3964 vero
1209 3900 1312 3965 Rabbi

160 4006 166 4015 ·
227 3981 396 4049 Schammai
404 3987 611 4069 propugnabat
629 3989 754 4049 maritos
763 3991 885 4053 nonnisi
898 3989 1155 4077 obinfidelitatom
1165 3988 1313 4070 conjures·

259 4089 477 4157 iiabntbrcbaeoi
498 4095 589 4169 (iiis
618 4098 844 4155 roo.-²u›tdcm.
