2708 4846
136 472 183 520 580
551 473 594 518 DE
614 470 812 519 suldanum

136 566 218 644 jtrxta
232 567 242 623 l
265 565 362 623 Paral.
373 565 407 634 5,
420 565 521 635 tl-la,
535 567 639 625 Joram
652 563 758 642 genuit
774 562 956 631 Ochoziam,
971 559 1025 620 hio
1035 560 1204 630 Joam,Jort

139 650 303 718 Amasiam,
317 651 348 708 et
365 649 501 708 hruasias
518 650 639 718 Oziam3
656 647 814 709 sedetiam
830 647 862 704 in
879 645 993 705 tabulis
1015 645 1205 723 genealogicis

136 733 279 814 profanis,
295 735 464 812 praesertim
477 733 556 811 apud
570 733 752 801 Orientales‚
765 731 946 809 quandoque
959 747 1103 808 personae
1115 731 1206 808 alium

139 819 326 887 omittuntur,
339 825 369 877 et
381 825 579 878 recensentur
593 817 745 876 dumtaxat
758 815 834 884 illae,
847 833 915 893 quae
927 813 966 875 ad
979 831 1108 892 scopum
1118 831 1202 875 neces

139 904 225 964 saria
247 911 332 973 sunt;
356 921 463 982 scopus
481 909 582 961 auteur
606 901 742 961 Matthaei
762 907 826 960 crat
853 899 1017 960 ostendere
1038 901 1145 959 Jesum
1165 915 1207 979 por

140 987 237 1048 varias
249 987 461 1066 generationes
474 1004 491 1048 a
504 987 621 1046 Davide
634 985 837 1056 descendere,
849 991 880 1044 ct
899 983 1053 1044 Davidem
1072 983 1112 1043 ab
1129 983 1207 1045 Abra

141 1070 239 1132 hamo.
254 1073 342 1132 ilatio
359 1089 414 1132 our
432 1071 548 1150 praefati
566 1079 628 1130 tres
644 1087 734 1148 reges
756 1087 774 1128 a
795 1069 936 1129 Matthaeo
958 1068 1065 1128 omissi
1080 1077 1208 1141 eunuco

142 1156 360 1216 verisimillime
378 1172 483 1216 eorum
504 1155 625 1214 omissio
646 1155 678 1213 in
698 1153 808 1213 tabulis
829 1152 959 1232 publicis
982 1169 1096 1230 regum
1115 1154 1207 1224 toda,

141 1241 355 1320 publicumque
373 1240 492 1310 odium,
512 1238 592 1316 quod
609 1240 641 1297 in
659 1254 692 1298 se
713 1238 756 1298 ita
774 1236 1001 1305 consciverunt,
1020 1244 1091 1297 uta
1111 1237 1209 1300 Jttdaeis

142 1325 233 1385 occisi
244 1325 370 1394 inerint3
382 1332 467 1382 erant
478 1324 517 1383 de
529 1324 676 1402 progenie
689 1321 868 1382 detestanda
879 1321 1002 1382 Achabi
1015 1330 1048 1381 et
1060 1322 1207 1392 Jezabelia

143 1426 269 1488 quorum
280 1407 372 1467 liliam
383 1408 487 1467 Joram
499 1408 530 1466 in
544 1425 668 1467 uxorem
680 1407 814 1467 duxerat.
830 1407 910 1466 Deras
923 1405 1046 1466 Achabi
1054 1407 1209 1484 posterius

143 1495 190 1554 bis
208 1494 398 1554 maledixisse
415 1493 527 1572 legitur
541 1492 552 1570 (
566 1496 604 1552 lll
620 1496 696 1571 Rog.
710 1493 764 1563 91,
778 1493 811 1552 al
829 1499 860 1551 et
871 1494 913 1550 lV
926 1494 1004 1571 Reg.
1016 1492 1046 1563 9,
1059 1493 1112 1572 8).
1125 1493 1210 1570 ero

144 1581 193 1640 isti
208 1589 268 1640 tros
287 1596 374 1657 reges
387 1579 505 1639 Achabi
522 1588 647 1656 nepotes
663 1597 701 1639 ex
722 1579 844 1638 Athalia
861 1576 999 1653 ejusdem
1016 1577 1081 1638 salia
1093 1587 1125 1638 et
1139 1581 1210 1640 Anu

143 1674 235 1747 nepte
255 1665 407 1742 usquead
429 1674 566 1742 quartam
590 1666 819 1743 generationem
840 1663 997 1725 maledicti
1021 1665 1211 1727 censebantur

144 1751 259 1827 (Enod.
272 1749 341 1825 90).
1184 1807 1187 1813 .

179 1837 297 1897 Falsum
308 1843 365 1906 est,
376 1833 1048 1907 Matthaeumnumerarebiseumdemvirum,
1059 1844 1213 1919 utseopnu

144 1941 230 1983 suum
244 1923 378 1982 obtineat
386 1940 394 1990 ;
410 1939 479 1980 nam
489 1921 556 1981 loco
569 1920 713 1981 lechoniae
725 1919 887 1998 legendum
900 1926 946 1981 est
961 1921 1099 1995 loekiam
1111 1920 1213 1986 conset

146 2009 228 2069 enim
241 2024 278 2066 ex
290 2009 302 2064 l
316 2006 412 2065 Paral.
425 2005 454 2075 5,
467 2004 564 2074 ta-lo,
578 2005 758 2064 Jechoniam
769 2021 830 2063 non
839 2005 955 2078 iratres,
965 2004 1023 2067 sed
1036 2025 1129 2068 unrnn
1140 2007 1217 2069 dum·

147 2099 225 2152 taxat
242 2092 365 2150 fratrem
381 2089 541 2161 habuisse,
562 2089 721 2149 sedeciam
741 2106 861 2167 nempe.
877 2090 1002 2150 Joakim
1017 2108 1095 2152 vero
1110 2093 1215 2153 ibidem

146 2178 248 2255 plures
267 2176 374 2234 iratres
391 2173 532 2233 babuisse
553 2174 675 2251 legitur,
693 2172 842 2232 Johanam
857 2174 990 2247 scilicet,
1014 2176 1168 2238 sedeciam
1186 2184 1216 2237 et

147 2261 269 2322 Sellum.
281 2260 360 2319 Hinc
377 2259 470 2318 variis
485 2260 517 2316 in
537 2259 695 2319 codicibus
715 2259 822 2337 graecis
842 2266 872 2318 ot
891 2259 996 2320 latinis
1017 2261 1138 2321 Joakim
1155 2262 1216 2324 looo

146 2345 304 2406 Jechoniae
315 2344 438 2420 legitur3
453 2360 544 2420 quare
561 2343 668 2403 Matth.
681 2346 713 2415 l,
727 2344 824 2415 ll-la,
834 2344 1001 2423 legendum
1019 2353 1068 2408 est
1079 2369 1088 2407 s
1099 2368 1115 2406 c
1125 2350 1216 2423 ¹losias

148 2456 165 2488 a
179 2439 277 2491 autem
298 2431 404 2506 genuit
425 2429 545 2489 Joahiur
567 2437 597 2488 et
623 2429 730 2490 fratros
752 2430 825 2507 ejus.
855 2432 978 2492 Joakim
997 2441 1104 2494 autem
1124 2436 1218 2512 genui

149 2538 165 2573 u
178 2515 357 2576 lechoniam
368 2514 401 2574 in
412 2514 675 2593 transmigratione
684 2516 974 2595 Babylonia,etpost
990 2520 1218 2599 transmigratio

149 2619 249 2662 »nem
275 2600 435 2679 Babylonis
461 2599 624 2660 Jecbonias
648 2603 756 2679 genuit
782 2602 968 2663 Salathicl.n
1136 2606 1142 2620 '

149 2690 335 2832 fili(lactemm
353 2687 466 2765 primus
486 2685 649 2747 dechonias
667 2689 813 2766 potuisset
830 2706 895 2750 esse
916 2697 1006 2769 pater
1023 2700 1058 2753 et
1070 2693 1148 2754 alter
1163 2690 1219 2771 eim

193 2792 229 2834 us

249 2886 480 2970 §cclxvlllkbe
491 2909 616 2958 vaticiniis
626 2909 720 2959 veteris
730 2910 838 2960 Foederis
848 2924 863 2960 a
873 2912 989 2962 mtthaeo
999 2913 1130 2977 edictalis.

187 3024 258 3078 llll·
270 3024 335 3106 obj.
345 3026 514 3097 Matthaeus,
525 3039 746 3105 prosequuntur
752 3031 876 3100 Doistae,
889 3033 989 3093 varios
999 3037 1120 3096 veteris
1127 3032 1221 3094 Fude-

149 3109 191 3169 ris
208 3115 305 3169 textus
319 3111 431 3187 perias
453 3128 488 3171 ac
504 3112 587 3172 nefas
606 3112 726 3174 Christo
744 3114 889 3194 adplicat,
904 3122 938 3176 ut
953 3117 984 3176 {⁰
998 3136 1027 3178 c.
1039 3119 1074 3189 9,
1094 3119 1145 3191 ld,
1155 3115 1220 3178 illud

150 3196 238 3256 Osca.
255 3197 303 3267 ll,
318 3197 348 3267 l,
361 3219 376 3254 a
390 3201 434 3258 Ex
455 3199 588 3278 ngypto
606 3201 712 3261 vocavi
733 3199 828 3260 filium
838 3219 985 3275 meum.»
1001 3205 1059 3265 ubi
1079 3205 1173 3267 Oseas
1189 3202 1219 3265 dt

151 3282 220 3342 tiliis
234 3285 325 3343 lsrael
336 3285 480 3361 loquitur.

185 3367 216 3427 2⁰
227 3368 263 3429 C.
275 3368 308 3439 9,
322 3368 374 3439 95,
388 3369 430 3427 ait
442 3367 596 3429 Christum
609 3370 759 3433 habitasse
771 3374 803 3433 in
815 3375 963 3435 Nazareth
978 3394 986 3435 :
1002 3396 1018 3432 u
1031 3378 1076 3437 Ut
1089 3377 1220 3458 adimple

151 3474 165 3508 n
181 3460 263 3512 retur
272 3453 353 3529 quod
370 3453 483 3512 dictiuu
495 3462 540 3513 est
549 3472 605 3531 per
616 3456 781 3535 Prophetas
791 3477 799 3516 z
810 3459 961 3534 Quoniam
973 3460 1138 3523 Nazaraeus
1149 3475 1221 3524 voe*

152 3561 166 3595 n
179 3541 274 3600 bitur.
287 3562 300 3593 u
314 3540 401 3598 Nulla
414 3538 584 3615 hujusmodi
598 3543 756 3621 prophetia
769 3545 856 3603 ullibi
871 3553 962 3607 extat.
1203 3587 1224 3613 ,.

185 3627 216 3684 5⁰
226 3624 262 3685 C.
276 3625 324 3696 91,
335 3625 396 3697 lt-d,
411 3626 486 3685 dicit
500 3645 507 3684 :
523 3648 537 3680 a
553 3630 619 3688 Hoc
629 3637 729 3688 autem
740 3639 836 3689 toturn
848 3632 959 3691 facturn
972 3641 1031 3705 est,
1042 3642 1079 3710 ut
1088 3635 1223 3716 adimus

150 3729 166 3765 u
179 3718 263 3769 retur
283 3710 362 3787 quod
379 3710 492 3770 dictum
512 3714 558 3771 est
572 3709 628 3791 pe'r
646 3713 826 3791 Prophetam
843 3716 998 3776 dicentem
1016 3738 1024 3777 ε
1046 3722 1151 3782 Dicite
1166 3720 1223 3781 tlh

151 3814 166 3850 n
179 3796 250 3854 Sion
264 3813 271 3852 :
285 3797 363 3854 Ecce
377 3812 430 3853 rex
442 3802 510 3855 tuus
522 3797 605 3856 veuit
616 3797 672 3855 tihi
685 3807 867 3870 manusuetus,
880 3801 990 3862 sedens
1002 3821 1099 3884 super
1110 3807 1222 3871 astum

151 3897 167 3933 u
178 3886 208 3936 et
221 3878 335 3954 pullum
348 3877 441 3937 silium
454 3878 630 3956 subjugalis.
645 3901 661 3936 u
679 3883 753 3942 lsaec
766 3885 797 3942 in
813 3885 895 3943 nullo
912 3886 1071 3965 Propheta
1082 3890 1222 3969 legonao.

187 3960 218 4019 t⁰
231 3963 266 4023 C.
280 3962 327 4033 97,
339 3963 358 4022 9
371 3982 381 4023 ι
394 3983 408 4018 u
423 3966 508 4023 Tunc
522 3964 679 4042 impletum
690 3975 752 4038 est,
765 3969 879 4046 inquit,
892 3969 973 4046 quod
992 3971 1113 4033 dictmu
1125 3982 1170 4035 est
1179 3987 1224 4051 pet

149 4065 167 4104 a
183 4046 362 4123 Prophetam
374 4050 540 4108 Jercruiam
552 4049 724 4111 dicentem:
739 4054 776 4112 Et
791 4062 973 4131 acceperunt
984 4058 1116 4137 triginta
1127 4076 1223 4134 ararn-
