2708 4846
483 423 874 475 ursaonusssscnouuss
1051 414 1054 419 “
1173 425 1219 474 sos

140 524 182 586 ita
197 532 232 584 ut
248 523 317 587 heo
335 527 420 598 urbs,
433 525 586 603 quondam
605 527 712 587 mundi
734 528 855 608 regios,
872 531 970 608 spatio
993 527 1048 587 157
1072 544 1219 588 annorum

140 610 304 688 quinquies
314 617 403 688 capte
420 620 452 674 et
462 611 605 691 spoliata,
619 612 779 692 pristinum
794 631 880 674 suum
894 611 1087 693 splendorem
1098 630 1221 693 prorsus

138 694 285 755 amiserit.
296 695 335 755 Et
344 712 384 756 en
393 697 610 776 paganismun,
623 697 846 775 imperiumque
855 712 1004 777 paganum
1014 696 1219 757 Romanormn

138 780 310 842 sublatuml

173 867 207 926 5⁰
225 867 262 930 C
285 866 361 928 tec.
382 868 429 938 20,
452 868 528 929 l-l0.
545 869 668 932 Fideles
684 872 803 932 cantica
824 868 1018 949 triumphalia
1030 871 1217 941 concinunt,

138 952 306 1033 hisunphat
314 951 428 1014 Christi
440 954 560 1033 religio,
572 954 656 1032 cujus
666 956 810 1036 splendor
820 955 1012 1017 describitur.
1023 957 1062 1015 Et
1073 973 1112 1016 cn
1123 956 1219 1017 victo-

136 1038 216 1098 riam
236 1037 350 1100 divine
368 1039 482 1102 Christi
505 1040 663 1121 religionis
678 1041 717 1102 de
735 1041 852 1103 duobus
866 1041 929 1101 suis
942 1038 1050 1119 juratis
1066 1041 1216 1116 hostibus,

137 1122 256 1185 iudeis
265 1140 377 1204 nempe
389 1132 422 1185 et
432 1126 577 1188 Romanis
588 1128 731 1206 paganis,
743 1126 886 1189 relatam!

171 1209 206 1270 's'
220 1208 258 1272 C
275 1210 323 1282 20,
336 1210 434 1272 ll-lh.
446 1211 615 1273 Exhibetur
626 1213 765 1274 ultimum
774 1211 924 1290 judicium
934 1218 965 1273 et
974 1220 1159 1273 mortuorum
1170 1230 1218 1274 re·

136 1296 297 1359 surrectio.

173 1383 207 1444 ³⁰
219 1383 256 1447 C.
265 1383 346 1444 tl—c.
359 1382 406 1444 lh
420 1384 542 1446 Sistitm
554 1391 668 1447 aeterna
679 1385 809 1447 felicitas
825 1402 967 1448 verorum
978 1384 1219 1451 Christianorum

138 1468 195 1530 sub
205 1466 343 1547 symbolo
356 1469 580 1547 pretiosissimae
593 1470 678 1530 urbis
691 1470 843 1540 exhibita,
859 1478 918 1531 etc.

174 1552 1218 1632 TraditacognitionedeauctorihmhibrorumsoororumnoviFoede·

92 1682 96 1689 -
138 1641 196 1710 ris,
213 1656 251 1701 ae
274 1638 315 1701 de
336 1656 441 1699 eorum
459 1640 597 1720 scriptis,
624 1641 664 1704 sd
683 1641 792 1703 horum
818 1642 1006 1705 authentiam
1024 1660 1062 1704 ex
1082 1643 1217 1720 professo

139 1724 353 1789 stabiliendam
364 1743 570 1809 properamus.

311 1848 481 1900 AU'HBNHA
495 1849 651 1900 LIBllollUll
665 1850 825 1899 SACRORUB
833 1851 905 1898 NOVI
923 1851 1074 1899 mahts.

318 1956 336 2027 s
349 1960 464 2010 CCXth.
473 1985 503 1996 -
513 1959 581 2009 llbrl
591 1961 654 2009 sacri
663 1961 723 2009 nori
732 1959 841 2010 l'oederls
850 1960 908 2009 suut
916 1960 1034 2010 Gooulnl.

172 2072 248 2126 oar.
256 2068 282 2128 1.
292 2066 383 2129 Fides
395 2067 516 2146 publica
526 2066 557 2126 1ο
566 2067 700 2128 omnium
708 2065 943 2137 Catholicorum,
953 2067 1216 2144 2⁰haereticorun,

136 2153 169 2214 δ’
182 2152 374 2224 iudeorum,
386 2160 417 2213 et
427 2152 460 2211 t⁰
472 2153 653 2232 scriptorum
666 2168 863 2232 paganorum,
879 2152 971 2215 hosce
988 2153 1084 2214 libros
1096 2169 1217 2235 semper

137 2247 174 2301 ut
183 2256 279 2319 opera
288 2238 501 2319 Apostolorum
516 2245 548 2298 et
558 2239 820 2317 Evangelistarum
831 2240 907 2298 Jesu
920 2237 1072 2309 exhihuit3
1087 2240 1216 2318 proinde

139 2323 201 2385 nisi
213 2322 420 2402 pyrrhonismo
431 2322 597 2384 universali
609 2324 642 2384 in
656 2323 747 2385 rebus
759 2321 912 2384 historicis
922 2322 1061 2385 laborare
1071 2324 1214 2396 velimus,

136 2409 299 2471 admittere
310 2407 456 2470 debemus
471 2407 528 2470 hos
540 2409 636 2471 libros
656 2426 722 2473 esse
738 2414 909 2481 auctorum,
922 2408 1216 2488 quibusadscribun·

136 2504 197 2557 tm.
210 2493 317 2556 Talem
327 2493 418 2555 luisse
429 2492 520 2554 tidem

172 2582 248 2640 ⁴⁰8·
261 2578 292 2640 l⁰
305 2576 529 2641 Catholieorum
546 2584 645 2658 patet,
664 2577 745 2657 quod
764 2578 855 2659 primi
877 2578 1040 2656 scriptores
1059 2579 1215 2644 ecclesias·

136 2669 191 2731 tici
203 2667 298 2729 hosce
311 2665 406 2728 libros
419 2665 572 2744 Apostolis
586 2672 617 2724 et
629 2664 831 2741 Evangelistis
847 2664 921 2723 Jesu
933 2662 1169 2741 adscripserunt,
1181 2675 1216 2730 nt

136 2754 280 2819 Clemens
291 2753 392 2821 Rom,
412 2749 551 2830 Apostoli
569 2749 651 2833 Petri
673 2748 853 2826 discipulus;
871 2746 1003 2823 Ignotirrs
1020 2754 1149 2824 martyr,
1163 2752 1216 2827 qui

138 2837 292 2903 Christum
301 2837 475 2898 redivivum
485 2835 577 2905 vidie
592 2834 784 2912 polycarpus,
799 2831 926 2891 loannis
939 2830 1140 2909 Evangelistae
1153 2834 1216 2896 dis·

137 2924 270 3006 cipulus;
295 2923 418 3003 Papias,
444 2920 628 2998 Quadratus,
659 2917 825 2988 Aristides,
851 2916 1056 2996 Hegesippus,
1081 2918 1216 2983 Justinus

135 3026 279 3091 megum,
291 3008 416 3080 Melite,
429 3006 617 3086 Theophilus
628 3005 730 3074 Alex,
744 3002 938 3082 Apollinaris,
951 3003 1092 3074 lrenaeus,
1102 3004 1215 3083 aliique

136 3097 316 3176 scriptores,
339 3091 536 3155 ecclesiastici
560 3088 687 3151 secundi
710 3087 825 3148 saeculi·
848 3088 924 3146 item
949 3084 1091 3147 Clemens
1108 3089 1214 3158 Alex„

137 3180 338 3263 Apollonius,
362 3179 552 3256 Polycrates,
572 3175 740 3252 Origenes,
766 3170 991 3242 Tertullianus,
1015 3170 1215 3250 Hippolytus,

135 3264 318 3347 Cyprianus,
332 3264 493 3344 Dionysius
502 3261 608 3332 Alos,
622 3260 783 3339 pluresque
794 3257 847 3317 alii
861 3256 964 3316 Patres
976 3255 1059 3317 tertii
1069 3256 1172 3317 seculi
1184 3268 1217 3321 et

134 3352 455 3433 quotquotscriptores
463 3349 581 3411 saeculis
589 3344 843 3423 subsequentibus
853 3342 884 3403 in
894 3341 1031 3403 Ecclesia
1040 3341 1215 3408 floruerunt.
1237 3414 1240 3429 Ι

172 3439 478 3509 boemicensem
494 3443 628 3514 tempore
641 3431 772 3496 concilii
790 3429 971 3501 Laodiceni,
990 3429 1071 3490 circa
1083 3428 1217 3494 medium

136 3524 242 3589 saculi
263 3526 363 3605 quarti
388 3523 556 3592 celebrati,
576 3519 705 3601 proinde
729 3536 769 3580 oe
791 3517 935 3580 trecentis
951 3515 1075 3595 quidem
1092 3516 1217 3581 annisa

135 3620 234 3675 morte
247 3610 475 3691 Apostolorum,
489 3608 597 3668 Libros
608 3622 710 3667 sacros
721 3605 794 3664 novi
806 3603 952 3675 Foederis,
962 3601 1069 3664 saltem
1079 3610 1218 3682 protoca-

135 3698 278 3768 nonieos,
291 3713 310 3757 a
322 3693 504 3760 Christianis
515 3700 548 3752 ut
559 3692 709 3770 genuinos
720 3688 842 3750 habitos
855 3704 932 3748 esse.

173 3782 244 3844 Jam
256 3799 330 3843 vero
345 3780 372 3841 si
384 3778 417 3838 hi
429 3777 502 3837 libri
521 3776 617 3836 tribus
634 3774 740 3856 primis
751 3774 869 3836 saeculis
880 3772 1025 3835 Ecclesiae
1038 3770 1158 3835 conficti
1168 3790 1218 3835 es-

135 3873 207 3931 sont
233 3886 273 3930 sn
285 3866 403 3935 fideles,
415 3866 439 3925 ii
451 3863 619 3945 presertim
631 3861 670 3924 sd
682 3878 757 3938 quos
768 3860 907 3939 primitus
920 3858 1029 3920 directi
1043 3860 1169 3933 lucrant,
1185 3860 1216 3921 id

135 3950 348 4034 lflsormsentt
359 3958 412 4015 aut
421 3949 448 4015 si
468 3949 645 4023 scivissent,
661 3963 701 4011 sn
715 3961 769 4009 eos
779 3952 815 4009 ut
828 3945 977 4027 genuinos
988 3952 1020 4007 et
1031 3944 1152 4009 divinos
1164 3945 1217 4008 ad·

135 4038 340 4122 probassent?
