2708 4846
234 480 282 529 500
638 478 683 524 DE
703 472 906 525 hurnbhulh

233 573 319 632 tratri
327 588 436 631 nomen
446 573 628 649 Boonerges
639 572 671 632 id
682 579 727 632 est
736 569 795 648 filii
803 571 923 630 tonitrui
928 569 1110 648 ,imposuitl
1115 569 1211 628 hiare.
1219 568 1298 639 hill.

233 659 346 721 Christi
360 659 489 719 dilectus
501 659 556 718 luit
567 658 747 737 discipulos,
762 665 851 733 atque
865 657 907 716 ita
920 657 986 733 ipse
999 673 1032 716 se
1047 655 1243 733 des-ignauo„
1260 655 1300 725 li,

231 745 285 816 253
302 745 347 816 10,
366 746 418 816 263
432 746 479 816 20,
498 745 532 815 Ξς
543 745 595 815 al,
609 744 676 822 20).
691 743 831 805 Interfuit
844 741 958 806 Christi
976 740 1302 820 uansfigorattonium

232 831 323 892 tratre
345 833 460 892 Jacobo
486 847 521 892 ac
543 832 632 891 Petro
654 828 781 907 (Matth.
804 829 850 897 11,
875 828 918 903 l).
932 828 1010 892 Cum
1031 826 1155 888 Jacobs
1171 827 1261 889 usuc
1274 845 1303 889 te

232 918 322 977 Petro
345 916 502 978 Christum
526 918 685 977 comitatus
707 923 752 976 est
772 915 805 974 in
824 914 947 974 hortum
967 912 1171 974 Getbsemani
1193 912 1301 990 (htattlo

231 1003 282 1074 26,
300 1003 371 1083 li'l),
385 996 533 1081 illumque
549 1020 619 1064 cmo
634 1010 731 1063 matre
752 1001 817 1079 eJus
835 1001 869 1060 in
880 1008 1015 1060 montem
1033 999 1190 1062 Calvariae
1200 1008 1304 1063 secutas

232 1097 292 1160 est,
306 1090 359 1150 ubi
378 1107 447 1149 eum
465 1089 637 1153 Christus-e
655 1102 745 1148 cruce
758 1087 898 1166 pendens
911 1086 1001 1147 matri
1013 1102 1078 1146 suae
1090 1086 1304 1148 commeneus

231 1170 757 1250 hiscevcrbis:MuliersEeccfib'us
768 1172 964 1250 tuus,illique
976 1170 1196 1232 dedivioasua
1203 1179 1301 1232 matre:

234 1257 320 1326 Ecce,
344 1257 457 1333 inquil,
482 1264 575 1314 muter
597 1263 662 1325 tuo,
686 1253 732 1327 10,
759 1252 856 1315 26-27.
878 1254 929 1314 Ab
950 1250 1009 1313 hoe
1028 1259 1171 1332 tempore
1184 1255 1303 1343 Jopnncs

136 1416 138 1422 .
229 1350 358 1404 matrem
370 1343 485 1404 Christi
497 1359 601 1403 secum
611 1343 748 1422 sumpsit.

267 1430 402 1488 loannes
419 1427 521 1506 plures
538 1428 571 1486 in
590 1429 664 1488 Asia
682 1425 794 1487 minori
811 1426 911 1487 erexit
930 1424 1095 1497 ecclesias,
1110 1441 1189 1504 quas
1206 1424 1300 1487 tiluio

231 1529 305 1591 pace
318 1513 514 1591 gubernavit,
526 1528 621 1589 usque
634 1513 707 1572 dum
715 1512 771 1571 sub
780 1512 993 1589 persecutione
1002 1512 1189 1583 mauors„
1197 1510 1300 1589 reliam

230 1606 319 1658 antea
332 1598 388 1658 sub
397 1600 519 1658 Nerone
533 1597 582 1676 (n.
596 1597 679 1673 095),
691 1600 817 1658 Romam
830 1598 1007 1669 duceretur,
1016 1597 1072 1657 ubi
1082 1597 1172 1676 juxta
1183 1598 1300 1659 tuum

230 1685 315 1743 oium
337 1683 548 1755 Tertulliani'‚
569 1682 651 1760 quod
672 1682 810 1760 sequitur
821 1684 1026 1760 Hieronymus
1033 1681 1056 1754 ²,
1071 1682 1299 1744 dello-elimes

230 1771 328 1830 centis
349 1770 410 1830 olei
428 1770 587 1830 immersus
603 1770 674 1839 fuit,
689 1776 721 1828 et
738 1786 756 1828 c
773 1786 833 1846 quo
851 1768 963 1828 illsesus
979 1769 1088 1828 exi'vit.
1101 1768 1185 1830 Dein
1197 1769 1297 1831 nereio

231 1857 358 1917 insulam
376 1850 517 1917 Pathmos
528 1856 561 1915 in
575 1856 650 1916 mari
660 1856 770 1934 AEgaeo
780 1842 1026 1933 relegatostuu’.
1039 1856 1091 1916 Ab
1100 1855 1298 1917 exilioliherr-

232 1948 278 2002 tus
290 1941 442 2022 Ephesum
459 1940 566 2012 rediit,
580 1941 631 2000 ubi
651 1939 733 2016 juxta
752 1940 957 2017 Polycratem,
972 1942 1144 2012 lrenaeum,
1155 1940 1296 2003 'ferulis

231 2044 317 2097 naun,
343 2026 523 2098 Eusebium,
550 2027 785 2104 Hieronymum,
812 2025 1023 2096 Ambrosimn,
1047 2025 1295 2106 chrysostomum.

230 2111 403 2174 Concilium
422 2111 622 2190 Ephesinum‚
637 2127 803 2188 omnesque
821 2111 964 2187 antiquos
978 2112 1148 2189 scriptores
1158 2112 1297 2173 sutem

232 2199 466 2269 ticos,mortuus
479 2215 514 2258 30
523 2199 657 2276 sepultus
669 2198 725 2259 luit
735 2215 814 2258 anno
824 2197 914 2257 tertio
929 2197 1051 2274 imperii
1062 2196 1190 2275 ’1131331
1198 2196 1296 2261 eeu-lbi

229 2304 300 2347 aerae
311 2278 444 2366 vulgaris
454 2287 538 2363 juxta
549 2288 728 2357 Eusebium,
742 2287 841 2348 :etatis
852 2280 930 2347 anno
943 2284 1151 2349 circitor-luth
1181 2326 1186 2337 ·
1219 2314 1223 2319 ·

266 2372 468 2435 Occasionem
483 2373 556 2434 huic
571 2375 739 2451 Evangelio
751 2376 948 2450 praebncrsmt
962 2390 1070 2435 omnes
1081 2375 1151 2436 fere
1159 2373 1296 2453 Asioepi

230 2458 314 2538 scopi
324 2476 359 2519 30
366 2458 458 2537 legati
472 2458 604 2537 plurium
614 2458 811 2519 ecclesiarum
821 2447 932 2530 Asine‘,
940 2461 1094 2521 Jounnem
1102 2461 1296 2542 deprecantes

230 2553 265 2606 ut
281 2543 489 2606 authenticum
501 2544 707 2604 testimonium
721 2544 828 2605 ederet
837 2544 941 2605 comr'a
953 2545 1155 2618 cerinthum,
1166 2546 1297 2609 Eblartu

229 2638 264 2691 et
283 2630 494 2715 Valentinum,
518 2629 570 2708 qui
591 2629 706 2693 Christi
725 2630 918 2691 divinitatem
936 2630 1092 2708 negabant
1107 2633 1298 2711 scium

228 2717 319 2787 bant,
336 2723 428 2794 atque
444 2716 540 2776 multa
552 2716 630 2776 locta
643 2723 675 2775 et
686 2715 768 2776 dicta
780 2717 885 2775 Jesua
904 2715 1061 2785 Matthaeo,
1076 2719 1184 2779 Marco
1196 2718 1298 2779 uisu

229 2791 371 2865 omisso'.
383 2804 428 2862 Ex
447 2800 556 2880 quibus
575 2808 676 2879 patet,
690 2802 841 2862 loannem
854 2801 1011 2863 historiam
1022 2802 1299 2882 dogmaticum

228 2890 458 2968 conscripsisse,
471 2897 503 2949 et
511 2888 649 2969 proxime
659 2889 783 2966 qsaidem
794 2904 850 2967 pro
860 2887 1043 2950 Christianis
1050 2891 1150 2954 Asiae.

228 3033 245 3101 s
259 3036 402 3084 utxxxlx.
412 3059 441 3070 -
449 3036 527 3084 Locus
541 3034 680 3096 scriptionis
694 3033 769 3094 huius
778 3018 916 3097 Ev‘onsselii.
926 3036 984 3096 Elus
994 2996 1298 3100 sermocinamini

266 3157 331 3217 teu.
356 3157 487 3216 Veteres
511 3155 650 3216 nonnulli
677 3154 904 3226 existimarunt,
930 3156 1081 3216 Joannem
1108 3175 1200 3220 suom
1219 3160 1300 3219 Erm

229 3244 345 3322 getium
362 3242 517 3320 scripsisse
538 3242 635 3301 insula
650 3241 810 3312 Pathmos;
822 3242 1299 3318 atcommunuermsuuur,=sur

228 3332 303 3392 illud
325 3329 538 3407 conscripsisse
559 3327 687 3407 Ephesi,
701 3336 770 3407 post
787 3344 873 3388 suum
889 3327 1021 3388 reditum
1042 3344 1081 3388 ex
1102 3330 1189 3392 (licta
1200 3328 1300 3397 imur,

225 3416 310 3493 juxta
331 3414 491 3476 nonnullos
510 3413 633 3475 codices
649 3428 765 3492 graecos
785 3430 864 3473 anno
877 3413 929 3485 ou,
940 3412 1024 3489 jmu
1037 3413 1117 3476 ulios
1126 3416 1301 3487 annomet

225 3501 310 3581 juxta
322 3501 423 3582 plures
436 3507 574 3561 auctores
585 3516 664 3559 anno
680 3498 716 3559 97
730 3516 799 3559 aerae
813 3499 959 3577 vulgaris.

264 3586 460 3651 Cooteoduot
478 3586 530 3646 alii
547 3587 696 3645 Joannom
709 3603 795 3645 suum
807 3585 1006 3664 Evangelium
1020 3585 1301 3651 insusurratum

228 3676 402 3755 scripsisse,
420 3691 456 3735 30
477 3673 550 3734 dein
568 3672 720 3751 Ephesum
732 3673 850 3733 misisse
861 3671 901 3732 ad
914 3672 1022 3734 Caium
1033 3672 1216 3750 quemdam
1229 3670 1300 3745 30113-

228 3768 301 3841 gant
314 3763 326 3820 l
340 3759 505 3838 Epistulam
521 3757 659 3824 loannis,
670 3775 760 3834 quam
772 3767 806 3817 ut
815 3757 973 3836 epistolam
982 3756 1209 3821 dedicatoriam
1217 3760 1301 3821 eon

227 3846 303 3924 gelli
323 3845 456 3918 habent,
470 3850 501 3903 ct
519 3860 557 3903 ex
572 3843 669 3902 insula
687 3842 828 3904 Pethmos
840 3842 992 3922 Ephesum
1004 3843 1129 3904 missam
1141 3843 1235 3908 fulmo
1244 3857 1301 3904 cre·

257 3967 332 4017 ¹hib.
342 3968 484 4029 Proesmip.,
494 3981 516 4015 c.
528 3966 568 4015 36.
577 3990 607 4002 -·
615 3964 628 4001 ²
636 3967 690 4014 Lib.
703 3968 713 4014 1
726 3968 809 4015 contro
820 3967 944 4015 lovinion.
954 3991 985 4003 -
995 3963 1123 4030 leisch,
1134 3971 1155 4019 l.
1167 3972 1198 4031 5,
1209 3983 1232 4019 c.
1243 3967 1300 4017 lli.-

227 4029 346 4085 ι1110300.
357 4038 429 4084 Prot.
440 4036 646 4084 intumueritis
656 4035 742 4083 llotlh.
752 4036 819 4083 etde
829 4035 908 4095 Scrip.
919 4037 1013 4084 Eccles.
1023 4037 1144 4089 loannes.
1154 4039 1252 4097 hub,
1259 4032 1300 4088 16,

227 4119 282 4162 cao.
291 4104 500 4166 lt-luuseo„
510 4106 556 4154 lib.
565 4105 673 4166 wi.
682 4105 782 4154 ulmo
795 4105 826 4154 alc
836 4104 916 4169 Serio,
926 4105 1020 4157 eccles·
