2708 4846
154 117 201 165 res
558 112 600 158 nn
622 108 834 171 terrenum

152 207 259 276 valles,
269 204 352 267 nude
364 201 424 264 orti
435 209 465 263 et
475 208 603 264 montes.
612 204 737 263 Terram
746 209 847 261 antem
855 199 1001 261 credebat
1008 203 1246 283 sempermngi

152 291 308 371 magisque
321 288 462 367 frigidam
473 287 555 359 lieri,
569 295 599 349 et
611 288 690 348 intra
702 286 806 357 estut)
817 303 961 346 annorum
974 285 1038 347 lore
1050 285 1246 357 inhabitabi

150 379 223 438 lem.
238 376 436 437 probationes
448 373 536 451 hujus
551 373 723 453 imaginarii
735 371 904 449 systematis
914 388 947 432 se
959 371 993 431 in
1008 372 1246 439 eonstnretiom

148 462 290 526 interiori
313 462 431 523 telluris
457 479 492 522 ae
514 464 662 521 montium
685 460 834 539 reperisse
852 458 1063 518 arbitrabatur.
1083 458 1246 528 Censura

149 549 311 611 Facultatis
325 548 499 609 Serbonieae
512 547 634 607 nonnisi
648 546 725 606 datis
736 544 992 605 declarationibus
1005 544 1158 606 evitaret

186 635 300 695 Verum
317 635 342 694 si
357 633 446 693 tellus
459 641 518 693 tam
535 633 657 709 antiqua
678 637 772 700 esset,
786 647 874 708 quarn
892 630 928 687 D.
943 630 982 689 ‹le
1001 630 1107 691 Bellon
1125 631 1158 693 id
1168 632 1246 699 sih

148 723 329 800 imaginatus
342 728 402 790 est,
416 738 452 780 an
466 727 600 789 montes,
615 719 666 796 qui
684 718 827 778 continuo
847 723 1024 788 atteruntur,
1039 717 1151 779 dudum
1165 738 1246 787 nm

148 807 382 887 disperdissent?
395 807 444 866 hn
456 807 591 867 scientiae
605 812 740 875 scortes,
755 803 865 864 abhinc
877 802 1028 880 aquuibus
1040 804 1155 865 smerdis
1164 813 1246 871 tm

147 895 237 954 rudes
255 911 290 954 ac
308 893 491 972 imperfectae
507 892 651 953 luissent?
664 892 712 951 hn
731 890 812 949 inter
827 889 948 949 Grteeos
966 890 1080 968 primns
1091 889 1246 968 aliquan-

147 979 241 1038 tulum
259 979 382 1039 celeber
397 978 593 1057 philosophus
606 976 807 1056 Pythagoras,
821 976 934 1055 primus
947 984 1133 1041 astronomus
1144 977 1242 1041 Tha·

147 1063 202 1134 les,
216 1065 366 1142 primique
379 1071 477 1142 poetae
490 1064 639 1124 Hesiodus
652 1082 687 1124 ae
701 1065 848 1122 Homerus
860 1062 1007 1121 luissent?

170 1198 186 1268 s
196 1204 279 1251 xltlv.
289 1227 318 1238 -
325 1204 361 1250 be
372 1204 481 1264 longara
491 1202 687 1250 Patriareharurn
698 1201 786 1261 etate,
797 1201 824 1249 ei
834 1201 928 1261 epocha
938 1214 1025 1249 eornm
1034 1202 1198 1263 patermuth-

184 1312 254 1371 tta.
264 1310 329 1391 obj.
340 1313 461 1388 Moyses
469 1309 585 1382 scribit,
593 1312 676 1369 aiunt
687 1309 886 1379 Naturalium,
899 1309 1048 1369 hdamum
1061 1311 1145 1373 annis
1153 1310 1215 1381 tw,

145 1397 344 1459 blathusalem
360 1397 430 1466 969,
452 1397 620 1474 multosque
646 1396 721 1456 alios
743 1394 930 1455 Patriarehns
950 1396 1087 1475 pluribus
1105 1396 1212 1459 secuti«

144 1484 267 1545 vixisse.
283 1486 349 1545 Hoc
369 1490 469 1544 antem
486 1489 531 1543 est
547 1483 674 1563 physice
694 1481 900 1565 impossibile,
919 1499 987 1542 eum
1009 1482 1039 1542 Γ
1060 1482 1206 1555 elementa,

144 1582 300 1645 causaeque
327 1567 447 1646 corpori
466 1566 596 1626 humano
616 1566 743 1625 internae
766 1564 798 1624 in
820 1580 928 1641 eorpus
950 1565 1094 1626 continuo
1112 1572 1204 1645 agant,

144 1651 221 1712 illud
242 1653 419 1729 debilitent,
442 1670 477 1714 ae
493 1654 582 1713 citius
602 1651 766 1712 destruant.
784 1649 815 1710 2⁰
833 1653 924 1711 Juxta
939 1653 1066 1731 Moysen
1084 1652 1205 1735 plerique

144 1739 325 1799 Patriarehae
345 1749 414 1800 ante
427 1739 481 1799 tob
496 1740 592 1799 mutis
603 1756 714 1799 annum
726 1754 788 1798 non
805 1747 976 1817 genuerunt
987 1739 1118 1814 liberos,
1139 1741 1204 1823 qnod
1243 1774 1245 1799 t

145 1831 191 1883 est
203 1825 358 1884 absonum.

180 1906 265 1982 Resp.
281 1904 311 1963 l⁰
327 1901 464 1981 Phy'si'cae
481 1918 650 1982 repugnare
675 1908 710 1962 ut
728 1902 820 1962 homo
836 1905 973 1983 pluribus
991 1908 1110 1971 saeculis
1121 1910 1204 1981 vivat,

143 2006 233 2049 nemo
244 1990 400 2069 probabit.
413 1991 481 2050 Non
499 1990 596 2050 solum
617 1991 737 2068 bloyses
749 1990 856 2052 scribit
868 1993 981 2071 primos
997 1993 1136 2059 homines
1152 1998 1206 2079 plu-

142 2074 226 2135 ribus
238 2075 355 2136 saeeulis
367 2075 494 2147 vixisse,
507 2074 561 2136 sed
574 2075 665 2135 etiam
677 2075 841 2137 Manethon
854 2079 1032 2158 AEgyptius,
1047 2089 1079 2144 et
1093 2084 1209 2149 Berosus

144 2160 315 2232 Chaldaeus,
329 2163 420 2222 immo
436 2162 470 2223 id
482 2162 644 2243 scriptores
661 2162 761 2224 Graeci
780 2164 813 2223 in
827 2165 888 2225 suis
901 2165 1095 2247 mythologiis
1110 2191 1209 2255 suppo·

58 2318 62 2324 ,
142 2257 227 2311 nunt.
235 2250 302 2328 Quo
310 2251 430 2312 mitiora
439 2258 508 2314 sunt
520 2251 670 2312 elementa
682 2258 807 2323 naturae,
819 2270 855 2313 eo
864 2254 962 2315 minus
970 2259 1209 2337 corporinocent,

143 2342 173 2395 et
187 2354 223 2396 eo
236 2337 394 2416 pauciores
407 2339 539 2398 existunt
548 2354 645 2399 causae
657 2338 851 2399 morborum:
865 2346 961 2399 totum
978 2350 1079 2405 autem
1090 2354 1212 2426 systema

90 2506 93 2511 Ι
140 2430 255 2485 mturae
275 2431 345 2485 ante
366 2425 568 2486 universalem
585 2425 693 2485 diluvii
714 2424 973 2505 perturbationem
992 2426 1211 2509 mitius'iuisse,

140 2510 228 2570 lacile
241 2512 366 2589 colliget
382 2512 562 2589 quicumque
573 2512 769 2582 mutationes,
784 2530 857 2590 quas
870 2522 953 2576 tanta
968 2532 1113 2594 aqnamnn
1130 2522 1213 2585 inun-

140 2593 222 2654 datio
241 2594 364 2673 ejusque
382 2612 479 2656 causae
498 2595 665 2676 producere
687 2597 872 2668 debuertmt,
892 2604 1111 2680 perpenderit:
1126 2626 1213 2688 qnare

138 2681 249 2741 mirum
261 2700 321 2742 non
334 2690 389 2752 est,
399 2682 538 2744 homines
549 2691 620 2744 ante
631 2683 778 2745 diluvirnn
790 2684 902 2748 diutius
915 2688 1035 2760 vixisse,
1050 2710 1141 2769 quam
1152 2704 1214 2777 post

139 2766 246 2845 ipsum.
261 2769 288 2826 Α
306 2770 371 2829 Noe
390 2775 462 2830 tetes
479 2768 635 2829 hominum
652 2771 788 2850 plruibus
804 2773 921 2834 saeenlis
932 2773 992 2851 jam
1006 2776 1173 2855 decrescit,
1185 2792 1214 2845 et

138 2850 224 2923 Sem,
237 2854 345 2913 Noemi
363 2852 456 2926 filius,
466 2855 527 2932 jam
541 2856 636 2916 tribus
653 2856 770 2917 saeculis
788 2876 856 2918 eum
874 2859 1001 2920 dimidio
1014 2863 1116 2927 minus
1128 2884 1214 2947 quam

139 2936 203 3015 ejus
214 2946 300 3018 pater
316 2940 402 2999 vixit.
412 2941 634 3002 Posterioribus
651 2961 723 3003 vero
741 2945 927 3022 temporibus
946 2946 1104 3011 hominum
1124 2955 1214 3019 vitam

136 3041 257 3101 semper
268 3025 363 3101 magis
374 3025 527 3102 magisque
540 3026 717 3089 decrescere
730 3027 877 3100 videmus,
890 3040 920 3092 et
931 3034 1106 3098 Patriarcha
1117 3040 1213 3105 Jacob

135 3109 257 3170 nonnisi
271 3109 324 3167 tt7
336 3109 422 3169 annis
435 3110 527 3169 vitam
541 3112 603 3188 egit
613 3112 634 3172 ¹.

173 3196 278 3256 Altera
292 3211 396 3267 cansa,
410 3212 477 3272 quae
497 3197 528 3256 in
546 3197 776 3259 diminutionem
794 3204 889 3263 atatis
908 3204 1045 3267 humanae
1066 3225 1156 3289 aeque
1178 3232 1212 3279 ae

136 3281 245 3343 diluvii
254 3280 435 3341 mutationes
446 3282 574 3354 influxit,
589 3291 635 3343 est
645 3283 786 3346 licentior
798 3288 921 3351 vivendi
931 3293 1019 3363 ratio,
1030 3310 1212 3363 senmurum

136 3368 299 3447 corruptio,
310 3374 342 3427 et
351 3365 654 3431 delicatiornutritio.
663 3372 730 3431 Jam
744 3382 812 3434 ante
822 3374 967 3437 diluvium
976 3398 1077 3443 mores
1085 3380 1210 3449 humani

135 3453 256 3528 generis
273 3458 427 3533 corruptos
443 3452 549 3525 luisse,
567 3457 709 3535 Moyses(
721 3458 799 3519 Gen.
811 3460 850 3534 6)
864 3463 979 3524 scribit.
997 3466 1094 3529 Nemo
1108 3480 1210 3535 antem

134 3535 253 3615 ignorat
281 3545 464 3621 quantopere
477 3540 632 3605 libidinosi
643 3560 742 3606 mores
753 3545 891 3611 homines
907 3549 1085 3627 debilitent,
1097 3557 1211 3621 vitam·

165 3666 247 3750 {Vide
255 3672 384 3726 utmalros
393 3689 456 3739 pour
462 3677 540 3727 servir
549 3674 563 3728 i
573 3680 653 3731 runt
661 3680 750 3732 eccles.
761 3684 795 3735 dn
804 3685 847 3736 {8⁸
857 3683 945 3751 siecle,
956 3690 1016 3738 tom.
1028 3692 1053 3753 l,
1064 3706 1123 3746 ann.
1136 3697 1207 3749 tttt·

134 3738 201 3790 Parta
212 3742 279 3793 libb.
290 3770 320 3782 -
327 3743 340 3780 ²
348 3747 408 3797 Vide
418 3747 536 3798 Tabulam
546 3750 739 3826 chronologicam
749 3756 781 3806 ad
791 3756 865 3807 finem
876 3760 1080 3813 llermencuticae.
1122 3759 1124 3762 ⁴
1197 3729 1208 3763 ⁹
