2708 4846
227 458 259 510 §b
626 459 671 506 DE
690 457 905 506 ulvtrtlrnre

265 549 394 610 «Dubio
413 550 454 610 Xt
476 568 484 607 :
507 549 538 610 si
558 548 651 621 mihi,
665 549 778 628 inquit,
792 546 908 624 aliqrrid
924 544 1022 605 lector
1033 542 1193 615 concedit,
1206 542 1308 606 fateor

228 657 245 694 n
257 637 405 714 meipsum
417 635 576 695 nonnullas
586 637 597 711 (
604 641 766 715 pretcusas
778 629 1098 712 sagas)superioribus
1111 630 1201 690 aunis
1211 630 1249 690 iu
1261 630 1308 691 di·

228 744 244 780 n
256 723 353 784 versis
370 722 446 782 locis
463 720 502 782 ad
513 729 643 783 mortem
654 721 831 784 comitatum
841 721 947 792 mse,
962 717 1002 779 de
1015 733 1142 796 quartum
1154 717 1307 779 innocen-

226 808 299 868 »tia
311 817 372 868 tam
380 809 507 869 minime
518 800 682 869 etiamnum
690 805 999 886 vacillo,quamnihil
1007 805 1062 866 tuit
1070 802 1305 884 uspiamstudii,

227 902 288 955 net
307 894 463 961 industriae
482 912 562 975 pene
581 895 698 969 nimiae,
712 895 872 975 quodnon
885 894 1078 956 adhibuerim
1091 892 1131 954 ad
1141 891 1307 955 veritatem

226 980 469 1060 »detegendam
485 1003 500 1036 n

262 1069 464 1129 «stimulavit
482 1086 531 1128 me
550 1068 707 1129 curiositas
724 1068 818 1145 (quid
837 1068 921 1126 enim
938 1064 1167 1145 dissimulent)
1181 1071 1213 1126 et
1224 1080 1305 1145 pene

226 1153 333 1216 »ultra
344 1156 457 1215 metam
468 1154 616 1224 traduxit,
626 1159 660 1213 ut
670 1153 701 1212 in
713 1171 748 1213 re
757 1154 876 1214 incerta
885 1159 1002 1213 certum
1010 1150 1128 1228 aliqum
1137 1166 1307 1230 coguosce-

226 1262 242 1297 n
254 1258 320 1302 rem
334 1262 341 1299 :
355 1257 456 1318 neque
468 1241 552 1301 aliud
564 1248 665 1300 tamen
678 1239 739 1300 nisi
750 1239 865 1317 ubique
874 1237 1081 1298 innocentiam
1091 1235 1303 1317 deprehendi:

226 1347 242 1382 n
255 1346 344 1405 quam
360 1345 431 1408 cum
451 1326 532 1408 apud
550 1344 599 1386 mc
618 1343 680 1386 non
696 1325 800 1404 paucis
812 1341 871 1384 nec
882 1323 1019 1384 sutilibus
1031 1321 1304 1401 argrmrcntiscon·

225 1415 366 1475 »rictam
384 1422 523 1475 tenerem
537 1430 546 1473 ι
559 1429 660 1489 neque
672 1420 775 1472 tamen
787 1409 846 1488 (ob
858 1417 957 1472 certas
969 1409 1115 1488 quasdam
1125 1410 1251 1485 musas)
1259 1407 1304 1489 jur

225 1519 241 1556 n
254 1498 335 1561 dicio
346 1499 538 1561 intercedere
545 1499 668 1571 liceret,
677 1499 766 1558 tacite
776 1498 924 1558 aestimare
933 1503 994 1568 est,
1003 1496 1303 1573 qnocnmanimimei

226 1594 421 1648 »sensatam
435 1583 617 1649 miserandis
631 1585 761 1646 mortuis
779 1582 980 1644 intertuerim.
994 1584 1095 1643 Homo
1114 1590 1230 1645 sumet
1243 1582 1302 1644 [alli

226 1692 377 1754 »possum
397 1695 406 1734 :
427 1694 490 1736 nou
511 1673 544 1735 id
562 1688 705 1751 umquam
722 1670 842 1733 inficias
860 1671 958 1732 itm'us
970 1689 1046 1732 sum.
1058 1672 1191 1749 Quando
1202 1679 1302 1741 temen

224 1781 241 1816 s
254 1770 414 1841 postquam
430 1761 484 1823 diu
501 1760 688 1838 multumque
703 1775 773 1820 cum
784 1758 914 1840 captivis
926 1759 989 1820 illis
1000 1765 1066 1820 tum
1078 1760 1161 1820 iutra
1174 1766 1241 1820 tum
1251 1774 1302 1821 ex·

225 1868 241 1904 n
254 1854 301 1908 tra
314 1849 515 1911 confessionis
526 1852 746 1909 sacramentum
758 1844 809 1924 egi
821 1863 830 1903 ε
843 1852 1001 1924 postquam
1013 1843 1130 1905 animos
1142 1845 1229 1906 omni
1240 1851 1302 1908 erto

225 1955 240 1989 n
253 1935 448 1995 multifariam
464 1951 575 2012 susque
591 1932 692 2011 deque
703 1929 838 2003 versavi,
852 1931 887 1990 in
899 1946 1021 1991 omnem
1031 1946 1082 1990 me
1093 1946 1176 2010 pene
1188 1937 1301 2011 mnam

225 2040 241 2075 n
254 2020 390 2092 obverti,
402 2021 507 2080 divina
519 2026 552 2079 et
563 2018 694 2079 humana
705 2034 765 2096 ope
777 2034 814 2078 ac
825 2017 955 2079 consilio
966 2034 1036 2078 usus
1046 2032 1128 2088 sum,
1136 2016 1303 2078 indiciaat·

225 2122 314 2181 »quc
332 2114 400 2166 acta
412 2104 549 2181 pervidi,
563 2121 633 2165 cum
642 2102 797 2180 judicibus
809 2103 893 2180 ipsis,
907 2111 1052 2180 quantum
1062 2102 1153 2164 licuit
1165 2103 1253 2165 salvo
1263 2102 1302 2165 si·

225 2189 329 2267 »gillo
351 2188 559 2260 confessionis,
580 2189 725 2260 disserui,
745 2194 886 2250 accurate
908 2190 1010 2250 omnia
1031 2188 1201 2270 perpendi,
1219 2206 1302 2270 argn-

143 2328 146 2333 .
225 2280 357 2333 »menta
365 2273 484 2352 singula
493 2273 573 2353 apud
583 2274 716 2333 animmu
724 2290 827 2334 mermi
835 2273 1214 2354 disputavi3nihilomiuus
1223 2273 1303 2337 aliud

226 2358 392 2436 »judicare
411 2376 474 2419 non
492 2360 595 2440 potui,
609 2376 700 2438 quam
718 2361 850 2423 crimino
861 2376 986 2447 vacare,
999 2376 1143 2446 quaereae
1155 2361 1303 2450 putabar·

225 2451 315 2514 ntur,
330 2452 391 2506 etc.
404 2465 422 2502 n

262 2531 392 2591 «Dubio
410 2532 516 2591 XXX:
530 2532 685 2607 Proderit,
699 2535 756 2604 ait,
771 2533 963 2598 confessariis
980 2551 1101 2597 reorum
1113 2541 1213 2598 totmu
1223 2550 1302 2599 nmo

225 2623 389 2678 »nostrum
406 2620 657 2681 commentarium
672 2639 735 2683 uon
747 2621 912 2683 oscitanter
923 2623 1035 2701 legisse
1049 2641 1058 2681 z
1072 2629 1104 2682 et
1115 2639 1184 2700 quae
1195 2623 1303 2686 dicuu-

224 2721 241 2760 r
252 2709 303 2762 tur
313 2719 414 2764 coram
424 2706 489 2766 Deo
500 2706 609 2786 saepius
621 2725 691 2769 cum
702 2707 803 2785 aliqua
815 2725 902 2768 mora
914 2708 1106 2787 expendisse.
1116 2710 1183 2788 Ego
1191 2709 1226 2771 id
1235 2724 1302 2771 cnm

223 2786 420 2866 »juramento
449 2791 585 2870 depono,
611 2810 660 2853 me
685 2792 810 2870 quidem
830 2794 945 2853 nullam
966 2793 1114 2855 hactenus
1133 2794 1174 2855 ad
1196 2811 1302 2875 rogum

223 2892 241 2932 ι
254 2874 390 2947 duxisse,
403 2874 443 2936 de
456 2892 517 2954 qrra
526 2877 666 2938 omnibus
673 2875 873 2939 consideratis
880 2878 1047 2958 prudenter
1053 2886 1188 2941 statuere
1193 2889 1302 2961 pone·

225 2960 312 3019 »rim
329 2960 422 3022 tnisae
442 2977 537 3021 ream.
560 2960 647 3023 ldcm
667 2980 725 3043 ego
743 2962 894 3026 aduobus
909 2966 979 3027 aliis
990 2965 1138 3026 accuratis
1148 2965 1300 3048 tbcoioffiu

223 3045 366 3107 inaudivi.
390 3048 498 3125 Neque
513 3066 576 3109 non
593 3065 717 3114 omnem
727 3057 832 3115 tamen
843 3050 1180 3127 industriamadbibui,
1191 3052 1301 3133 quaed

222 3133 660 3213 »veritatempcnetraremn
1310 3198 1322 3217 ,

258 3218 387 3280 «Dubio
407 3221 533 3282 xuvrtt
552 3240 562 3282 ε
582 3221 715 3285 Omnino
727 3223 780 3286 hic
792 3225 988 3286 inserendum
1007 3218 1068 3295 est',
1081 3221 1205 3298 scribit,
1218 3222 1300 3305 quod

221 3321 239 3361 s
251 3305 425 3383 nuperrime
438 3306 568 3385 contigit
578 3308 646 3369 loco
660 3310 781 3369 celebri
790 3310 979 3382 Germaniae‚
994 3309 1027 3369 in
1038 3326 1098 3386 quo
1107 3327 1189 3390 pene
1197 3310 1299 3373 omnia

220 3389 284 3450 »in
298 3390 419 3452 cineres
431 3390 645 3463 {conciderunt
664 3394 837 3457 Vocaverat
856 3396 896 3457 ad
911 3413 1048 3458 mensam
1058 3412 1144 3457 suam
1156 3397 1299 3478 princepe

220 3474 410 3553 irreligiosos
428 3476 504 3537 dnos
520 3477 602 3538 viros
615 3484 758 3558 spectatae
770 3482 892 3545 virtutis
904 3500 941 3544 ac
953 3482 1111 3545 doctrinae.
1126 3483 1212 3544 inter
1223 3500 1300 3563 cpu-

220 3561 294 3625 ulas
306 3561 420 3623 deinde
431 3563 575 3644 princeps
584 3565 624 3625 ad
633 3565 762 3627 alterum
770 3570 946 3630 conimxbti
953 3569 1299 3648 Patcr‚inquit‚existi·

220 3664 354 3711 nmmne
363 3664 403 3710 cx
414 3664 499 3727 aequo
513 3656 545 3710 et
554 3658 639 3713 recto
648 3654 731 3732 geri,
741 3672 810 3717 cum
819 3654 1027 3720 coshactenns
1036 3657 1299 3719 innervumebri·

219 3737 365 3814 opimus,
386 3737 440 3817 qui
461 3753 480 3797 a
500 3735 609 3799 decem
629 3741 681 3801 vel
701 3740 863 3805 duodecim
882 3743 963 3823 sagis
984 3743 1156 3806 dcmmtiati
1174 3744 1298 3806 suntin

219 3840 236 3877 n
250 3824 375 3887 saltibus
394 3823 614 3904 comparuisse?
626 3827 745 3888 Vereor
762 3843 825 3890 non
843 3844 1002 3908 parumne
1014 3828 1298 3892 millemtitexsuis

220 3910 372 3971 »umectis
390 3909 515 3983 illudat,
529 3917 562 3972 ct
579 3928 642 3973 non
659 3928 747 3991 eque
766 3920 831 3974 tuta
848 3916 890 3979 sit
900 3914 940 3979 ad
952 3916 1113 3978 veritatem
1124 3916 1190 3990 via,
1204 3930 1298 3995 quum

219 4005 303 4068 »per
324 3993 415 4056 hasce
441 3995 684 4061 denuntiationes
707 4000 1162 4085 sternimus,;⁸praescrtimscrtm
1183 4010 1218 4065 et
1232 3998 1298 4066 virt

220 4079 420 4160 »marieimi
443 4083 671 4164 doctissimique
694 4103 756 4149 non
778 4090 872 4170 pauet
895 4090 1006 4171 passim
1026 4090 1179 4173 incipiant
1196 4086 1296 4159 reeh·
