2708 4846
137 444 186 492 tue
205 425 209 431 Ι
433 442 477 490 he
497 441 614 489 textu
633 441 676 488 ΕΤ
695 438 934 488 venatonibus

136 531 297 606 vulgatam
310 531 482 592 versionem
491 530 530 591 ah
540 530 677 591 Ecclesia
689 530 762 610 ipsis
774 528 909 590 lontibus
922 526 1060 590 hebraeis
1076 533 1107 590 et
1118 529 1211 608 &aeis

137 616 291 701 praelatam
302 633 369 678 esse
381 614 574 679 adserebant.
586 614 700 677 Confer
711 632 742 676 n.
752 613 888 676 debila.

323 819 326 825 .
425 773 451 842 S.
467 777 510 826 xl.
521 800 551 814 -
561 774 745 826 pentateuchus
754 773 931 823 Samaritanus.

175 913 246 967 bes.
257 908 479 970 pentateuchus
491 907 696 969 Samaritanus
708 924 726 968 a
736 903 944 968 Pentateucho
955 902 1087 966 hebraeo
1095 906 1215 967 nonnisi

137 992 584 1064 characteribusdittert;nohis
592 994 674 1052 enim
683 991 809 1052 exhibet
817 990 1101 1068 antiquumtextum
1110 989 1214 1052 hebrae

137 1098 208 1146 cum
221 1081 509 1160 antehabylonicum
523 1088 555 1141 et
567 1079 810 1149 anteesdrinum,
825 1078 986 1139 veteribus
1002 1077 1216 1140 characteribus

137 1166 306 1238 hebraicis,
324 1166 415 1227 modo
432 1166 620 1227 samaritanis
636 1165 766 1236 vocatis,
785 1171 957 1233 exaratum,
976 1163 1053 1223 dum
1068 1165 1216 1226 Pentateu

138 1252 214 1316 churs
222 1253 397 1314 ,ludaeorum
408 1254 546 1315 continet
558 1259 674 1312 textum
687 1250 844 1311 hebraeum
853 1249 1086 1311 characteribus
1096 1248 1216 1313 chaldai-

138 1343 198 1412 cis,
207 1347 259 1403 aut
269 1341 376 1402 saltem
388 1340 611 1401 recentioribus
626 1338 884 1415 nitidioribusque
897 1335 1056 1399 hebraicis
1068 1339 1216 1418 scriptum,

138 1435 229 1506 atque
241 1426 314 1490 hinc
325 1426 547 1488 Pentateuchus
561 1426 767 1487 Samaritanus
776 1423 983 1488 Pentateucho
997 1423 1128 1487 hebraeo
1139 1425 1216 1504 aequi·

138 1520 261 1595 paratur
272 1511 367 1590 (cont.
382 1531 414 1574 n.
427 1512 445 1570 7
459 1511 581 1588 ethii),

174 1597 341 1660 Descendit
358 1597 581 1659 Pentateuchus
599 1598 804 1659 Samaritanus
816 1614 855 1658 ex
868 1597 923 1657 illo
940 1613 1025 1668 aevo,
1042 1615 1105 1676 quo
1125 1598 1217 1661 decen

139 1683 237 1745 trihus
248 1685 343 1745 lsratil
355 1701 425 1745 eum
438 1685 574 1746 ltoboam
587 1684 650 1745 filio
667 1702 704 1746 ac
719 1701 892 1747 successore
908 1684 1081 1748 Salomonis
1102 1686 1217 1749 schisma

138 1769 292 1842 iecerunt,
308 1771 428 1848 sibique
446 1788 525 1831 anno
549 1769 624 1831 5029
644 1771 684 1833 ab
701 1771 776 1831 orbe
796 1770 920 1832 condito
938 1771 1109 1832 Jeroboam
1127 1789 1218 1855 regem

139 1856 371 1918 constituerunt.
384 1857 548 1917 Posteriori
568 1862 657 1918 aetate
673 1857 854 1918 Samaritani
866 1857 960 1948 illum
977 1873 997 1918 a
1014 1857 1132 1919 Judaeis
1143 1859 1218 1938 regul

139 1943 221 2005 Juda
236 1945 277 2005 ob
292 1962 380 2006 suum
396 1945 573 2006 continuum
586 1946 618 2005 in
634 1945 692 2005 hoc
708 1961 838 2024 regnum
857 1943 963 2005 odium
979 1944 1148 2021 nequidem
1163 1963 1219 2007 ens

140 2031 308 2110 cepissent,
322 2030 576 2109 quemadmodum
586 2031 661 2093 alios
676 2030 785 2092 Libros
803 2046 906 2092 sacros
919 2030 1045 2091 illorum
1061 2047 1125 2093 non
1144 2048 1219 2095 reee-

139 2124 260 2195 perunt.

175 2200 292 2266 Decem
311 2201 450 2264 tribubus
472 2203 565 2264 lsrael
583 2219 663 2263 anno
687 2202 794 2263 mundi
812 2200 887 2262 5283
909 2203 1167 2267 asalmanassarc
1191 2205 1218 2265 in

139 2285 296 2363 Assyriam
305 2285 483 2365 deportatis,
492 2287 598 2366 populi
609 2288 757 2359 Chaldaei,
771 2290 932 2368 Babylonii
941 2307 1056 2369 nempe
1068 2300 1101 2352 et
1108 2292 1218 2358 chutei.

139 2369 392 2430 aSalmanassare
404 2370 436 2428 in
448 2371 615 2431 Samariam
624 2373 708 2433 missi
715 2373 851 2445 fuerunt,
862 2376 916 2452 qui
926 2393 998 2436 cum
1007 2377 1154 2438 Israelitis
1164 2376 1219 2436 illic

139 2453 271 2524 relictis,
292 2459 345 2514 aut
365 2469 403 2513 ex
423 2452 493 2532 tuga
509 2462 542 2515 et
556 2455 629 2515 dein
648 2473 686 2516 ex
710 2461 889 2538 captivitate
910 2461 1046 2522 reversis
1067 2463 1218 2541 permixti,

139 2540 567 2601 Samaritanivocatiluerunt.
577 2541 655 2604 Cum
665 2542 698 2603 hi
707 2546 840 2625 populia
851 2546 993 2608 leonibus
1003 2546 1218 2618 infestarentur,

140 2633 326 2705 acceperunt
341 2643 359 2688 a
372 2642 446 2705 rege
462 2628 613 2705 Assyriae,
632 2631 842 2692 verisimiliter
859 2632 899 2692 ab
918 2633 1115 2696 Assaradone
1131 2651 1220 2697 sacer·

140 2712 244 2772 dotem
257 2713 423 2775 lsraiilitam
438 2711 477 2773 de
490 2712 598 2776 decem
611 2715 752 2778 tribubus
765 2718 911 2799 captivis,
923 2719 977 2797 qui
990 2719 1054 2781 illis
1068 2721 1220 2782 Pentateu-

139 2797 232 2857 chum
259 2798 361 2858 attulit
382 2798 433 2875 (n.
459 2797 529 2878 80).
548 2801 594 2859 Ex
616 2800 676 2862 hoc
701 2801 808 2864 codice
830 2802 1024 2865 descendunt
1044 2806 1219 2887 exemplaria

140 2884 340 2946 Pentateuchi
352 2886 533 2946 Samaritani
544 2888 676 2966 antiquis
686 2889 797 2952 litteris
803 2889 957 2952 hebraicis
966 2893 1099 2971 scripta,
1112 2910 1177 2971 quar
1187 2892 1220 2954 ed

140 2977 243 3031 nostra
268 2977 403 3050 tempora
428 2982 647 3051 pervencrunt,
669 2984 701 3036 et
720 2995 789 3055 quae
807 2979 991 3041 Samaritani
1004 2980 1045 3041 ob
1070 2981 1218 3062 ingemin

140 3053 263 3117 ludaeos
273 3054 377 3117 odimn
389 3074 553 3136 nmnquam
562 3069 769 3123 correxerunt

364 3204 381 3270 3
396 3207 449 3256 xil.
462 3232 492 3246 -
502 3209 641 3261 Auctoritas
650 3211 814 3262 Pentateuchl
829 3213 988 3264 Samarltani.

178 3338 249 3394 586.
275 3338 514 3401 pentateuchum
536 3343 757 3406 samaritanum
778 3362 836 3424 per
859 3364 893 3409 se
914 3364 1027 3429 magna
1052 3349 1220 3412 auctoritate

140 3422 272 3500 pollere,
295 3426 466 3502 praesertim
495 3428 616 3504 quando
636 3448 705 3490 curn
740 3432 847 3493 codice
870 3433 1012 3505 hebraeo,
1038 3437 1220 3516 antiquisque

140 3509 331 3570 versionibus
359 3512 517 3582 convenit,
541 3530 581 3573 ex
603 3516 693 3578 dictis
719 3518 889 3598 colligitur,
915 3528 1007 3599 atque
1028 3522 1105 3586 hinc
1126 3523 1223 3604 primis

140 3591 286 3654 Ecclesiae
303 3594 460 3655 saeculisa
486 3597 518 3658 S.
542 3598 681 3662 Patribus
699 3601 877 3681 frequenter
900 3606 1012 3668 citatus
1033 3625 1072 3670 ac
1095 3609 1222 3670 laudatus

139 3674 439 3742 frrlt¹.1’auciorihus
450 3681 592 3759 equidem
602 3685 723 3748 mendis
732 3705 822 3765 quam
832 3687 929 3750 codex
938 3690 1222 3755 hebraeuslahorue

141 3762 278 3838 deberet,
293 3783 330 3828 eo
340 3767 420 3845 quod
434 3786 492 3829 nec
506 3769 544 3830 ad
557 3788 705 3832 masoram
718 3781 860 3846 mutatus,
875 3792 934 3838 nec
948 3784 1012 3838 tam
1021 3781 1134 3842 crebro
1144 3794 1222 3860 quem

140 3847 195 3909 ille
215 3851 384 3932 descriptus
408 3853 480 3925 tuit,
507 3863 613 3934 utpote
637 3859 741 3938 populi
765 3862 869 3941 exigui
892 3864 960 3924 usui
985 3865 1173 3939 inserviens3
1198 3871 1222 3927 al

142 3948 247 4013 reapse
257 3939 394 4019 pluribus
407 3947 503 4001 scatet
514 3943 647 4014 mendis,
663 3955 811 4018 quaesunt
824 3948 953 4027 triplicis
964 3953 1104 4030 generis.

172 4053 263 4108 ¹(tout.
275 4063 372 4112 walton
381 4065 475 4128 Proloq.
493 4068 511 4115 l.
530 4067 652 4118 l’rideaux
665 4071 730 4120 Part.
741 4072 761 4120 l.
