2716 4838
366 430 376 451 ·
620 422 809 474 raerarro.
1211 426 1252 473 vu

177 505 446 585 Gommmtorio
469 507 571 587 Novi
592 508 813 585 Testamenti
827 519 859 596 ¹,
886 531 1013 584 omnes
1038 509 1175 610 ingenii
1198 512 1255 582 sui

174 622 263 694 sires
278 612 534 707 intenderunt,
553 632 596 692 ut
608 642 694 694 uera
705 620 741 693 J.
754 620 796 693 C.
808 619 984 694 miracula
992 621 1036 692 de
1049 621 1169 694 medio
1181 623 1255 692 tol-

172 731 304 816 lerent,
323 752 460 822 suaque
477 726 736 804 effervescentis
751 728 886 805 cerebri
891 724 1070 856 figmenta
1086 732 1155 802 illis
1172 729 1255 803 suls

173 842 371 914 stituerunt.
390 839 441 913 At
469 838 556 916 haec
575 840 763 939 exagitatae
790 834 1058 940 imaginationis
1079 839 1254 936 phantas-

172 964 266 1023 mata
277 949 407 1045 paucis
421 949 550 1024 sucum
566 948 748 1037 fecerunt,
765 962 801 1024 et
822 973 891 1024 nec
913 948 1062 1035 Deistis,
1094 973 1163 1021 nec
1189 950 1255 1022 ulli

173 1058 598 1146 Christianorumclassi,
616 1059 1072 1134 illaSocinianorumforte
1087 1073 1250 1157 excepta,

172 1173 351 1266 placuere.

218 1282 257 1353 Si
274 1279 396 1376 operis
425 1275 682 1378 cujuscumque
712 1247 844 1376 scopus
869 1277 973 1353 debet
997 1302 1074 1352 esse
1098 1280 1250 1366 utilitas,

175 1389 326 1483 haecque
352 1385 481 1463 crebro
506 1389 683 1484 dependet
703 1413 726 1462 a
746 1388 852 1487 genio
874 1391 1069 1515 temporis,
1092 1389 1254 1483 sequitur

175 1502 211 1572 iu
221 1497 394 1598 operibns
409 1497 640 1597 apologeticis
652 1498 799 1596 genium
809 1499 1002 1595 temporis,
1026 1499 1057 1571 si
1071 1522 1171 1574 verae
1190 1523 1253 1572 re-

177 1611 296 1709 ligioni
318 1612 546 1695 adversatur,
567 1610 862 1707 cognoscendum
881 1609 978 1682 tradi
999 1631 1042 1684 ac
1068 1609 1253 1682 emendari

180 1721 318 1806 debere,
338 1722 524 1794 emortuos
540 1741 681 1792 errores
690 1719 905 1817 impugnare
920 1743 994 1794 esse
1007 1718 1250 1815 superfluum,

182 1840 374 1927 manns
383 1851 470 1901 vero
481 1850 622 1902 errores
631 1828 834 1920 Christique
847 1829 981 1903 divinae
995 1829 1161 1925 religioni
1172 1854 1254 1924 per-

185 1940 329 2015 uciosos
340 1958 545 2036 expugnare
562 1958 636 2009 esse
645 1936 888 2009 necessarium
904 1964 912 2007 :
1298 1954 1307 1961 ·

254 2096 261 2106 ‘
289 2101 697 2164 mastaurensium
707 2086 835 2165 σιριιιοι.

221 2238 343 2334 Scopo
357 2234 430 2309 hoc
445 2233 540 2306 mihi
551 2233 591 2306 in
611 2233 890 2307 Hermeneutica
909 2234 1021 2309 Sacra
1042 2236 1250 2332 proposito,

180 2347 378 2440 antiquatos
398 2367 558 2428 errores,
578 2366 756 2436 vanasque
778 2344 1051 2419 scolasticorum
1073 2347 1253 2437 quaestio-

179 2480 237 2530 nes
257 2452 501 2554 praetermisi,
521 2467 627 2546 atque
643 2476 783 2526 errores
805 2468 935 2526 nostro·
949 2479 1029 2529 aevo
1047 2455 1253 2550 Scripturas·

177 2590 290 2641 sacrae
313 2579 349 2638 et
372 2563 508 2638 Christi
525 2563 691 2662 religioni
709 2562 874 2636 exitiosos
902 2564 1182 2637 manifestandos
1192 2587 1254 2671 ssac

175 2676 382 2751 refutandos
398 2674 438 2746 in
453 2696 513 2745 me
529 2674 682 2769 suscepi.
695 2673 746 2746 Ut
757 2685 876 2745 autem
891 2672 962 2746 hoc
977 2674 1016 2746 in
1031 2676 1184 2773 gratiam
1200 2674 1253 2768 ju-

175 2787 321 2860 niorum
340 2782 610 2881 Theologorum
633 2795 869 2879 praestarem,
892 2783 1069 2878 simulque
1092 2786 1252 2880 amplam

174 2895 480 2971 introductionem
491 2893 531 2967 in
546 2903 674 2966 omnes
688 2916 730 2965 ac
746 2893 906 2990 singulos
921 2892 1054 2968 Libros
1063 2917 1185 2967 sacros
1201 2896 1259 2968 eis

172 3007 461 3104 suppeditarem,
475 3016 628 3101 systema
640 3024 791 3095 sequens
804 3003 904 3099 elegi.

221 3114 539 3189 Hermeneuticam
551 3114 702 3185 Sacram
712 3112 753 3183 in
762 3111 919 3203 quinque
933 3113 1050 3208 capita
1061 3137 1123 3186 seu
1132 3129 1260 3209 partes·

172 3225 304 3302 dirisi:
323 3226 362 3298 in
377 3223 500 3321 primo
524 3220 677 3296 stabilivi
696 3220 983 3295 Canonicitatem
1003 3223 1171 3294 omnium
1187 3225 1251 3295 Li-

143 3335 328 3415 trorum
349 3354 565 3419 sacrorum,
584 3332 704 3424 quiin
726 3331 872 3404 Canone
894 3330 1109 3404 Tridentino
1133 3333 1250 3405 conti-

170 3460 323 3531 mtum
341 3447 382 3517 in
397 3445 557 3518 secundo
573 3464 702 3515 eorum
717 3440 952 3514 Divinitatem
963 3464 1026 3514 seu
1038 3442 1261 3538 {aspiratio--

115 3608 125 3619 .
169 3578 262 3635 m
279 3552 453 3654 probavi;
473 3553 514 3624 in
529 3540 636 3624 tertio
656 3551 745 3625 evici
765 3550 913 3624 illorum
933 3549 1185 3638 Anthentiam3
1212 3553 1256 3629 in

168 3678 302 3767 parto
332 3664 578 3761 Integritatem
604 3659 873 3735 substantialem
904 3674 1019 3734 textus
1043 3661 1250 3761 originarii,

168 3778 267 3865 ᾖ
289 3800 333 3850 ac
359 3775 590 3869 antiquarum
611 3770 820 3873 versionum
846 3769 1082 3861 biblicarum‚
1107 3774 1254 3870 potissi·

179 3910 291 3995 i'ffl.
303 3933 408 3988 Vmseh
415 3934 451 3982 dte
460 3931 706 3993 Wunderoesclttctten
715 3932 753 3981 des
763 3932 843 3980 Neues
853 3932 996 3981 Testamenti
1006 3945 1050 3981 aas
1056 3933 1201 3982 sattellites
1211 3934 1255 3983 Ur·

142 4022 148 4041 ··
260 4001 1260 4063 unemnerttnnrssrauus:esttamen-tristamusnsnrscm

162 4004 519 4153 mandentem
531 4069 805 4132 Testamentiibeek,
816 4070 885 4120 tsoo.
