2708 4846
463 487 648 548 naraonuu
667 488 862 543 soenorum
1152 492 1194 547 ttt

181 569 259 633 liber
268 573 374 635 baculo
384 575 542 640 obvolutus
551 581 683 642 funiculo
694 582 1087 667 ligabatur,etquandeque
1095 588 1195 669 sigilio

156 654 341 739 obsignabatur
354 663 459 740 (isaiae
471 666 523 737 29,
534 668 604 744 11),
617 676 676 732 etc.
773 750 776 754 .

180 745 248 809 libri
257 750 367 811 tabulis
380 751 505 830 ligneis,
520 755 684 831 plumbeis,
697 753 798 831 aereis,
806 753 865 822 ete.
878 758 1196 845 inscripti'‚conjunga·

157 827 237 895 burim
246 836 375 910 baculis,
386 854 441 916 per
450 841 575 902 annulos
584 843 693 919 aequali
706 845 845 907 distantia
858 849 985 926 positos,
997 852 1140 929 trajectis.

180 921 343 1001 ttdtoyscs
357 933 402 985 est
412 928 633 1004 antiquissimas
646 939 750 991 auctor
758 935 904 1012 cognitus.
916 937 1196 1014 Antiquissimerum

156 1009 303 1087 populorum
312 1013 489 1089 scriptores,
501 1032 575 1090 quos
585 1017 736 1088 novimas,
751 1021 802 1080 illo
812 1023 905 1082 multo
917 1025 1099 1102 posteriores
1109 1045 1192 1102 esee,

155 1094 302 1159 uliotoria
311 1106 428 1160 consul
442 1119 449 1157 :
463 1100 505 1160 ita
516 1102 718 1180 postMoysen
729 1106 806 1166 visit

186 1229 303 1281 lautiora
740 1245 861 1305 egyptios
877 1248 936 1297 {pap

740 1317 861 1368 Chaldaeos
877 1322 937 1370 1171)

739 1391 852 1441 Sirenses
876 1396 936 1443 1000
946 1396 1043 1449 circiter
1053 1411 1125 1450 anuo.

456 1420 637 1482 aullquieiurua
646 1419 712 1472 iuter
737 1466 831 1516 (ηοω
886 1469 933 1519 um

207 1599 387 1650 hfflefflflfii
736 1616 863 1666 Phoeaices
887 1617 933 1667 500

166 1707 290 1789 Sedjam
303 1709 377 1770 satis
389 1709 662 1773 deartescribendi
672 1712 874 1774 disseruimus.
922 1718 935 1743 ·

228 1845 330 1913 3111111,
342 1871 372 1884 -
382 1849 562 1899 recursurum
571 1850 652 1912 quoad
665 1850 833 1898 substantialia
844 1849 997 1910 incorruptus
1007 1852 1084 1899 estat.

163 1955 231 2014 lue.
237 1958 348 2030 Liber,
361 1958 412 2036 qui
425 1966 458 2018 ut
467 1959 624 2019 thesaurus
634 1957 814 2028 custoditur,
827 1957 911 2037 cujus
920 1958 1193 2037 frequentissimus,

132 2042 392 2117 inamocentinutu,
405 2045 484 2126 apud
494 2063 608 2114 omnes,
618 2045 786 2124 praesertim
800 2046 989 2106 rebussacris
1004 2047 1195 2127 politicisque

128 2132 311 2212 repositos,
323 2139 369 2192 est
383 2150 466 2202 usus,
484 2129 784 2209 interpolationibus,
804 2131 1110 2211 'corruptionibusque
1124 2137 1195 2196 sub·

127 2218 309 2280 simlialibus
333 2217 415 2278 haud
432 2226 530 2296 patet;
552 2219 619 2279 talis
631 2226 729 2278 autem
749 2225 795 2279 cst
812 2219 1032 2279 Pentateuchus
1045 2238 1054 2280 τ
1066 2220 1096 2279 l⁰
1114 2225 1195 2286 enim

126 2306 338 2385 autographum
347 2305 460 2384 Moysis
468 2307 499 2365 in
510 2322 578 2366 arca
588 2305 909 2382 adservabaturffleut.
920 2304 965 2378 51,
976 2307 1038 2384 ab).
1049 2307 1080 2367 2⁰
1090 2310 1195 2370 Erem-

124 2390 278 2471 plarjuxta
287 2399 403 2451 textum
414 2392 608 2469 originarium
618 2392 799 2470 descriptum
814 2392 986 2454 sacerdotes
995 2394 1100 2455 clectis
1113 2400 1195 2476 regi-

124 2477 177 2540 bus
184 2477 362 2547 tradebant,
373 2485 406 2536 ut
414 2478 446 2534 lri
454 2478 553 2555 legem
563 2477 676 2554 Moysis
687 2485 717 2535 et
726 2478 933 2548 addiscerent,
945 2487 976 2539 et
985 2481 1191 2544 observarent.

123 2564 226 2627 3⁰lrex
236 2564 353 2641 Moysis
372 2565 498 2643 septimo
511 2565 617 2653 quovis
634 2581 711 2623 anne
726 2564 846 2642 publice
860 2565 1000 2647 praelegi,
1014 2575 1045 2627 et
1056 2572 1138 2645 quasi
1155 2573 1193 2632 de

123 2668 199 2714 nore
214 2650 399 2729 promulgari
414 2649 545 2710 debebat
562 2651 670 2726 (Deut.
683 2648 735 2719 dl,
753 2650 869 2723 10-15).
885 2649 916 2709 l⁰
935 2652 1066 2729 Singulis
1087 2654 1194 2719 (liebus

123 2735 398 2801 abbauistudaeis
409 2736 523 2815 aliquid
532 2736 654 2814 publice
668 2753 705 2794 ex
717 2752 752 2795 ea
761 2735 885 2814 praelegi
899 2735 1023 2795 solebat.
1035 2737 1066 2796 5⁰
1080 2740 1193 2802 Nume-

123 2825 271 2887 reaisaim'a
283 2824 379 2884 tribus
389 2823 481 2896 Levi,
497 2841 535 2883 ex
544 2823 758 2901 quinquaginta
769 2823 891 2883 circiter
898 2821 1052 2884 hominum
1061 2827 1193 2890 millibus

125 2911 303 2988 composita,
317 2926 419 2971 curam
431 2910 508 2989 legis
527 2911 665 2969 mosaicae
681 2908 827 2981 habebat,
850 2908 1075 2987 doctrinamque
1093 2930 1190 2988 suam,

123 3003 274 3077 praecepta
287 3013 323 3056 ac
334 2996 454 3056 ritualia
476 3013 513 3055 ex
528 2996 593 3073 ipsa
614 2994 819 3072 depromebat.
838 2994 869 3053 6ο
887 2995 1010 3056 ludices
1026 3015 1092 3057 suas
1110 2998 1192 3078 leges

126 3080 278 3159 politicae,
289 3083 327 3142 ab
340 3082 478 3141 omnibus
486 3079 661 3150 servandas,
676 3079 708 3137 in
719 3077 770 3136 illa
779 3077 941 3139 habebant.
953 3080 984 3137 7⁰
996 3081 1191 3145 Seuerissime

126 3167 263 3247 abloyse
276 3168 460 3247 prohibitum
474 3167 570 3228 iuerat
585 3182 646 3225 suae
663 3163 724 3242 legi
741 3163 854 3240 aliquid
872 3163 983 3224 addere
1002 3172 1052 3223 aut
1070 3166 1192 3228 demere

125 3252 275 3329 (mauu,
286 3254 335 3331 i).
347 3253 380 3311 8⁰
398 3254 496 3314 Judaei
508 3253 638 3335 plurima
652 3250 730 3328 legis
742 3250 880 3310 mosaieae
900 3250 1081 3331 exemplaria
1098 3251 1189 3314 habe«

124 3336 208 3411 lant,
227 3338 371 3417 illamque
385 3346 418 3400 ut
431 3339 543 3399 librum
556 3339 708 3407 divinum,
723 3343 795 3396 etut
806 3335 918 3397 divinae
928 3354 999 3415 erga
1017 3338 1188 3400 sebenevo·

124 3421 225 3487 batia
235 3425 346 3505 pignus
357 3426 447 3484 anxie
458 3425 684 3486 conservabant.
697 3422 854 3500 Quomodo
869 3439 940 3501 orgo
955 3423 1189 3497 Pentateuchus,

123 3510 154 3572 in
166 3526 258 3591 quem
269 3511 369 3571 Judaei
380 3518 461 3571 unta
474 3511 646 3570 terebantur
656 3509 869 3580 veneratione,
884 3526 973 3586 quem
985 3517 1068 3569 tanta
1079 3511 1188 3570 sollici-

122 3597 227 3659 tudine
237 3596 450 3668 reservabant,
464 3604 495 3656 et
504 3615 561 3674 quo
573 3597 696 3676 publice
706 3613 741 3655 ac
751 3595 892 3656 continuo
905 3595 1080 3665 utebantur,
1094 3596 1189 3672 quoad

122 3684 329 3749 manualia
346 3685 495 3762 eorrmnpi
507 3683 624 3762 potuit?
636 3684 827 3760 Incorruptus
842 3682 933 3761 igitur
946 3682 1043 3760 quoad
1055 3682 1189 3742 substan-

211 3769 608 3851 apudludauospcrmansit,
620 3767 727 3829 ettalis
740 3783 778 3828 ex
790 3783 893 3828 cerum
901 3768 1079 3829 manibusin
1088 3784 1189 3832 manua

222 3860 233 3875 '
277 3873 362 3918 orum
372 3857 522 3934 pervenit.

116 3928 129 4009 ¹,
153 3942 230 4003 Μ.
245 3942 281 4009 si
292 3940 345 4018 qui
356 3939 594 4001 Pentateucbum
606 3938 824 4018 corrupissent,
843 3940 876 3999 hi
887 3939 1012 3999 luissent
1027 3938 1078 4000 vel
1092 3941 1188 4003 Judaei

121 4020 195 4111 ῌ,
210 4027 267 4093 vel
284 4027 410 4104 Papam,
426 4027 476 4086 ael
496 4025 689 4097 Samaritani,
707 4024 758 4085 vel
775 4024 947 4086 Christiani.
965 4026 1078 4088 llonrm
1092 4036 1188 4091 autem

124 4126 212 4183 uto
223 4118 326 4199 ipsun
339 4113 492 4193 corrupit:
508 4112 539 4180 l⁰
552 4128 614 4178 uon
625 4111 739 4190 Judaei3
756 4128 843 4179 meus
860 4112 942 4177 enim
954 4128 991 4175 ex
1008 4114 1061 4178 illo
1077 4133 1188 4200 expun-
1302 4112 1308 4127 '
