2708 4846
155 446 167 464 ⁶
224 465 268 514 ast
641 462 686 508 ne
704 458 900 508 xururnrrx

260 554 291 614 5⁰
305 556 419 614 Textus
439 554 524 613 isaiae
538 552 574 623 7,
592 552 644 620 it,
662 568 723 609 non
738 550 769 609 in
782 565 872 608 sensu
890 543 1089 624 typoiogico,
1107 544 1208 606 adhuc
1221 545 1298 606 minus

224 639 542 708 inaccommodatitio,
557 638 611 698 sed
622 638 653 697 in
664 652 754 696 sensu
766 633 891 693 litterali
905 632 945 692 dc
958 631 1074 691 Messia
1089 631 1299 710 etvirgineeJrs

223 733 318 785 matre
330 718 556 801 intelligendus
568 729 629 794 est;
640 737 711 780 nam
724 753 756 764 -
769 722 857 778 isaias
867 717 910 777 ait
928 715 1086 792 virginem
1097 733 1160 794 qua
1172 716 1301 794 virginem

223 817 436 889 concepturam
451 815 482 867 et
501 809 666 885 parituram
679 822 745 866 esse
763 803 873 874 illium3
891 802 976 863 nuda
989 808 1096 861 autern
1111 802 1200 880 virgo
1211 807 1301 881 preter

224 895 375 973 virginem
388 894 514 952 Mariam
528 909 586 970 qua
600 893 688 970 virgo
700 906 843 966 umquam
858 888 1001 964 concepit
1018 903 1055 946 ac
1070 887 1214 966 peperit;
1228 903 1301 964 qnare

223 979 282 1038 nisi
295 978 414 1039 dicatur
427 977 605 1038 vaticinium
618 976 677 1036 hoc
689 975 728 1036 de
741 974 838 1034 Maria
847 973 969 1050 virgine
983 971 1228 1050 intelligendum
1238 987 1300 1039 esse,

223 1063 425 1123 adserendum
438 1061 517 1121 foret
532 1062 631 1139 ipsum
650 1059 850 1138 adimpletum
861 1056 942 1117 haud
960 1073 1039 1117 csse.
1056 1057 1182 1116 Vocem
1200 1056 1302 1116 hehn'e

223 1166 291 1209 cam
310 1147 457 1217 Haimoh,
483 1165 543 1224 qua
568 1150 658 1206 isaias
676 1162 745 1205 usus
760 1152 822 1215 est,
842 1141 1014 1221 significare
1035 1142 1197 1219 virginem
1219 1144 1302 1204 stricte

223 1234 350 1302 dictam,
361 1242 445 1310 patet
456 1250 494 1292 ex
505 1232 570 1310 ejus
579 1231 697 1302 radice,
710 1248 748 1290 ex
760 1236 919 1299 contextu,
932 1244 970 1288 ex
979 1220 1086 1288 multis
1095 1228 1175 1290 locis
1188 1228 1301 1294 bihliois,

224 1319 276 1378 uhi
286 1337 345 1379 vox
356 1319 413 1376 ista
423 1319 464 1376 ita
475 1316 649 1386 adhibetur,
661 1323 750 1393 atque
762 1313 873 1374 exinde
883 1313 965 1390 qnod
974 1313 1137 1372 alouatha
1145 1359 1153 1385 ,
1162 1322 1195 1375 ct
1203 1311 1302 1376 Onlclo

224 1406 255 1464 in
268 1423 321 1466 suo
338 1406 455 1480 Tango,
473 1421 491 1463 a
509 1405 589 1462 Lxx
605 1402 844 1480 interpretibus,
862 1408 893 1462 et
905 1400 944 1460 ah
963 1406 1092 1460 auctore
1109 1401 1303 1480 Vulgataepo

226 1490 373 1567 Virprhem
388 1488 510 1548 reddita
534 1494 590 1546 est.
616 1487 743 1564 Aquila,
762 1484 957 1546 Theodotion
974 1492 1007 1544 et
1028 1485 1247 1562 Symmachus,
1261 1485 1302 1563 qui

223 1590 329 1633 vocem
342 1571 473 1632 Holenait
491 1571 801 1651 perodoicscentutom
813 1569 1029 1639 reddiderunt,
1047 1571 1167 1650 exponi
1178 1578 1301 1650 possum

222 1664 365 1718 caeterum
377 1658 437 1718 duo
447 1657 566 1736 priores
575 1655 697 1717 luerunt
709 1655 855 1735 proselyti
876 1655 1079 1726 ludaeorum,
1095 1663 1128 1717 ct
1140 1654 1303 1718 tertimirit

222 1742 377 1803 Ebionita.

260 1860 292 1874 ·-
305 1830 395 1890 isaias
406 1827 527 1906 signum
538 1834 733 1907 concepturae
749 1845 785 1888 ac
799 1827 940 1907 pariturae
957 1828 1090 1906 virginis
1102 1825 1195 1888 dedit
1204 1833 1302 1906 utpn·

222 1912 338 1992 digium
357 1931 477 1992 prorsus
492 1913 779 1983 extraordinarium
794 1913 847 1972 uhi
863 1929 937 1972 vero
950 1913 1075 1991 siguum
1088 1911 1151 1972 hoc
1170 1919 1231 1972 tam
1244 1927 1303 1991 por·

222 2005 372 2060 tentosum
395 2000 490 2069 foret,
514 1999 540 2058 si
556 2015 662 2058 sensus
684 1998 823 2072 vaticinii
840 2007 921 2059 esset
942 1999 1109 2059 mulierem
1127 1999 1304 2077 conjugatam

222 2091 273 2143 aut
288 2085 362 2146 illuc
375 2101 470 2161 usque
481 2083 649 2162 virginem,
664 2101 724 2163 ope
737 2085 795 2143 viri
811 2091 1026 2164 concepturam
1039 2090 1130 2145 esset

260 2171 455 2251 -Prophetae
466 2170 550 2229 varia
562 2168 705 2247 adjuncta
716 2170 785 2229 vitae
795 2187 831 2231 ao
839 2171 945 2229 mortis
955 2170 1077 2231 Messiae
1088 2170 1302 2249 praedixeram

220 2273 295 2315 num
313 2255 481 2316 verisimile
494 2261 541 2315 es't
563 2255 680 2314 nullum
698 2256 917 2334 Prophetarum
931 2256 1150 2317 miraculosam
1163 2254 1224 2334 ejas
1237 2271 1304 2316 con·

221 2341 395 2419 ceptionem
408 2358 444 2402 ac
463 2341 654 2400 nativitatem
667 2357 706 2399 ex
717 2341 847 2419 Virgine
862 2340 1061 2420 praedixisse?

210 2445 213 2452 ¹
259 2460 291 2471 -
305 2429 433 2507 Antiqui
451 2426 594 2497 Hebraei,
620 2427 770 2497 Rahhini,
789 2430 894 2488 Patres
910 2428 1057 2489 Ecclesiae
1072 2445 1110 2491 ac
1131 2432 1302 2509 interpretes

219 2529 315 2590 usque
333 2513 372 2574 ad
393 2513 537 2575 saeculum
557 2512 710 2573 decimum
731 2514 871 2590 quintum
893 2513 952 2574 hoc
971 2517 1059 2576 isaiae
1076 2515 1256 2577 vaticinium
1269 2513 1302 2574 de

218 2597 330 2659 Messio
341 2599 466 2677 ejusque
477 2606 574 2658 matre
582 2598 704 2677 virgine
715 2598 891 2660 litteraliter
908 2599 1142 2661 intellexerunt.

258 2715 290 2728 -
299 2683 463 2761 Prophetis
473 2686 557 2744 isaiae
566 2701 628 2743 non
638 2690 739 2763 potest
747 2684 926 2763 intelligide
934 2683 1067 2745 Ezechia
1076 2684 1143 2746 lilio
1153 2702 1190 2747 ac
1198 2700 1301 2747 succes

217 2784 286 2828 sore
300 2769 382 2846 regis
395 2769 498 2830 Achae
503 2788 512 2841 3
530 2767 677 2829 Ezechias
694 2769 776 2829 enim
798 2787 909 2830 novem
924 2769 1032 2830 saltem
1045 2771 1138 2831 annis
1151 2778 1238 2832 natus
1249 2769 1300 2848 jam

219 2860 299 2922 erat,
312 2854 432 2930 quando
446 2853 505 2914 hoc
518 2853 697 2915 vaticinium
712 2853 829 2914 editum
841 2855 913 2925 fuit3
928 2872 999 2914 nam
1008 2852 1095 2932 juxta
1113 2857 1157 2915 lV
1169 2857 1244 2935 iles.
1257 2854 1297 2916 it.

217 2939 247 3007 Ξ,
262 2937 364 2998 Achae
375 2939 530 2999 sexdecim
543 2939 631 2999 annis
643 2939 798 3018 regnavit,
819 2947 851 3000 et
862 2940 1008 3001 Ezechias
1025 2941 1298 3019 vigesimamque

218 3029 282 3080 tum
295 3022 391 3082 aetatis
404 3040 516 3082 annum
526 3025 652 3102 agebat,
663 3024 784 3102 quando
794 3025 929 3087 defuncti
936 3026 1032 3104 patris
1041 3026 1159 3087 solium
1166 3042 1297 3088 conscen-

217 3105 280 3178 dit,
298 3113 333 3166 ut
346 3114 463 3168 constat
477 3126 514 3169 ex
527 3112 569 3169 iv
582 3112 661 3190 Reg.
676 3110 722 3181 l8,
739 3111 767 3169 ἢ.

254 3191 388 3270 intelligi
401 3195 507 3268 nequit
520 3193 559 3253 de
571 3192 635 3252 iiiio
649 3197 749 3266 lsaite3
762 3196 814 3254 ubi
827 3195 910 3254 enim
920 3192 950 3251 l⁰
963 3194 1296 3256 extraordinariumhor

216 3283 389 3355 portentum
401 3276 520 3346 luisset,
532 3277 558 3336 si
569 3295 646 3336 uxor
654 3296 708 3338 seu
717 3279 917 3359 prophetissa,
929 3277 967 3338 ad
978 3295 1069 3356 quam
1078 3282 1174 3342 isaias
1182 3282 1228 3359 (c.
1236 3278 1294 3352 ili)

216 3362 379 3422 accessisse
398 3360 526 3439 legitur,
544 3377 603 3440 ope
621 3365 706 3423 isaiae
732 3364 939 3443 concepisset?
959 3362 992 3422 2⁰
1004 3365 1093 3424 Uxor
1116 3369 1204 3428 isalae
1223 3369 1293 3445 virgo

212 3464 277 3505 oon
295 3453 374 3514 erat,
388 3445 480 3504 immo
500 3453 597 3505 mater
609 3445 665 3504 iiiii
682 3450 776 3509 Jasuh
790 3457 855 3509 erat
867 3447 879 3525 (
890 3451 975 3509 isaiae
991 3448 1025 3520 7,
1039 3449 1090 3529 ὅ).
1106 3451 1140 3510 5⁰
1160 3450 1293 3515 Filiusait

216 3532 292 3591 isaia
308 3528 472 3609 praedictus
486 3528 638 3590 vocandus
658 3540 723 3593 erat
739 3531 926 3602 Errtmonuet,
945 3533 977 3592 id
993 3541 1040 3594 est
1051 3537 1208 3597 notum
1215 3539 1291 3602 mm

214 3613 294 3676 lilius
303 3632 377 3674 vero
392 3616 476 3674 isaiae
492 3625 680 3695 nuncupatus
691 3618 1010 3696 fuit2Aocelerospolt'o
1023 3619 1196 3695 detrahere,
1204 3622 1292 3702 fou·

214 3700 348 3778 praedari
357 3698 460 3776 (isaiae
471 3700 504 3770 8,
518 3699 567 3775 5).

251 3785 386 3863 intelligi
402 3785 509 3861 nequit
527 3785 566 3845 de
585 3785 647 3845 ulla
667 3788 726 3846 alia
745 3789 891 3859 muliere,
911 3806 978 3866 quae
996 3797 1089 3851 antea
1108 3794 1214 3872 virgo,
1234 3792 1291 3856 dein

215 3868 280 3929 viro
296 3870 401 3945 juncta
418 3871 609 3951 concepisset
615 3891 625 3941 ,·
646 3872 920 3933 extraordinarium
937 3875 1021 3935 enim
1038 3876 1120 3940 iilud
1133 3888 1291 3960 portentur

212 3950 251 4050 ah
262 3954 339 4052 lesia
351 3955 561 4015 annuntiatum
574 3973 694 4035 prorsus
707 3957 866 4027 doluisset,
874 3958 900 4018 si
908 3956 1019 4019 mulier
1031 3978 1236 4045 quaecumque
1245 3977 1291 4042 ope

116 4075 119 4081 -
214 4051 271 4095 vrn
290 4043 495 4118 concepissem
520 4042 633 4104 mulier
651 4059 710 4131 ope
724 4044 783 4106 viri
803 4047 981 4127 concipiens
999 4046 1091 4127 virgo
1111 4068 1181 4115 esse
1203 4049 1289 4116 deiit
