2708 4846
144 472 191 524 nt
551 467 595 515 na
614 464 816 515 surnanrm

200 565 251 619 ut.
266 563 331 642 obj.
346 561 476 624 Thomas
497 563 639 640 Morgan,
655 559 770 637 aliique
787 554 995 628 Naturalium,
1013 555 1104 618 hasco
1116 556 1221 639 playn

141 651 285 711 miracula
297 651 388 711 luisse
400 656 527 727 negant,
540 664 649 725 easque
661 646 758 707 causis
769 644 955 706 naturalibus
967 643 1143 705 attribuunt.

178 739 201 795 l.
216 736 312 796 Aiunt
322 755 329 794 :
340 736 422 814 Magi
436 733 579 813 AEgyptii
596 734 697 812 virgas
714 748 782 792 suas
794 731 826 791 in
839 736 1012 810 serpentes,
1026 737 1060 790 et
1070 730 1212 809 aquanin

139 823 318 901 sangninem
330 821 444 900 pariter
457 826 630 889 verterunt,
644 834 792 895 ranasqne
804 817 1029 897 produrenmt3
1042 816 1107 881 haec
1118 825 1209 879 autem

140 926 212 969 vera
224 908 368 968 miracula
381 924 441 967 non
454 907 592 976 luerunt3
606 903 735 983 proinde
748 921 805 963 nec
819 903 871 962 illa
883 903 1008 979 Moysis.
1228 956 1232 967 ,

180 997 248 1053 ras.
263 997 299 1053 ll.
311 995 387 1071 Quae
404 994 547 1055 miracula
568 994 688 1070 Moyses
701 997 833 1070 patrasse
845 989 974 1069 legitur,
989 990 1033 1049 ita
1043 990 1204 1053 naturaliter

141 1099 178 1142 ex
200 1083 351 1142 licentur:

176 1102 355 1227 Pestilentia
376 1166 513 1245 quaedam
532 1165 663 1245 primum
674 1163 821 1242 corripuit
839 1163 938 1242 pisces
951 1161 1198 1246 noxusanguioh,

140 1270 198 1331 quo
210 1254 355 1330 sanguine
375 1269 459 1329 aquae
472 1253 535 1311 Nili
548 1250 685 1320 intectae,
699 1256 749 1308 aut
762 1250 854 1308 etiam
866 1247 979 1325 injecta
994 1251 1120 1310 materia
1132 1250 1197 1313 coln
1232 1254 1236 1327 ,J

138 1346 226 1409 ratae,
245 1338 275 1397 l⁰
292 1339 469 1399 naturaliter
487 1337 666 1398 occiderunt
677 1336 793 1414 pisces;
808 1335 839 1394 2⁰
851 1350 957 1406 ranas,
971 1352 1040 1415 quae
1052 1336 1195 1418 copiosein
1233 1336 1236 1407 ξ

139 1423 208 1485 Nilo
221 1424 462 1503 reperiebantur,
476 1423 508 1482 in
522 1431 632 1483 terram
645 1421 836 1501 expulerunt.

174 1508 206 1567 5⁰
225 1516 256 1568 et
270 1509 302 1567 lt⁰
325 1507 503 1588 sciniphum
523 1515 554 1567 et
570 1525 738 1567 muscarum
755 1506 915 1567 multitudo
935 1513 1002 1567 orta
1020 1513 1067 1568 est
1086 1523 1122 1569 ex
1135 1506 1195 1569 aurit

140 1595 255 1667 calore,
269 1596 320 1674 qui
339 1611 396 1654 ova
415 1593 523 1654 hortun
540 1595 724 1655 insectorum
739 1594 771 1653 in
792 1594 920 1673 pulvere
938 1593 1078 1673 deposita
1088 1593 1195 1665 inritet

138 1681 245 1760 majori
258 1683 345 1761 copia
357 1681 503 1742 excludit.

175 1769 206 1828 5⁰
220 1770 385 1831 subsecuta
403 1769 512 1848 pestis,
527 1769 559 1826 in
572 1765 679 1828 calidis
691 1765 866 1844 regionibns
879 1765 959 1827 haud
971 1766 1154 1847 infrequens,
1164 1766 1193 1829 oh

138 1856 389 1934 putrefactionem
397 1853 791 1933 aquanunNili,piscimuct
800 1852 1194 1917 ranarumlacilenaturalitcr
1232 1850 1236 1909 «T

139 1941 264 2001 evenire
299 1942 385 2000 otarit.

174 2026 206 2087 6ο
220 1960 380 2087 Muiiitudo
393 2025 542 2104 pulveris,
555 2025 588 2084 in
599 2024 698 2085 calida
710 2025 856 2104 regione,
866 2025 941 2086 utin
954 2025 1194 2108 AEgyptomtcm
1234 2082 1236 2089 .

138 2110 228 2172 facile
241 2112 410 2190 producere
420 2110 525 2170 valuit.
1224 2108 1236 2141 ’-

175 2196 207 2255 7⁰
229 2197 429 2264 Grandinem,
452 2196 599 2266 tonitrua,
622 2211 658 2256 ao
677 2195 796 2275 fulgom
817 2195 940 2258 allectus
960 2200 1112 2264 naturales
1128 2214 1193 2269 etet,

138 2299 228 2342 nemo
241 2284 273 2342 in
286 2282 412 2341 dubium
423 2281 590 2341 revocabit.

174 2366 206 2426 8ο
225 2368 421 2427 Locustarum
438 2366 534 2427 nubes
553 2374 645 2427 vento
666 2369 700 2428 in
723 2368 891 2447 AEgyptum
908 2371 1054 2451 propelli,
1078 2379 1110 2435 ct
1122 2379 1194 2437 route

140 2453 290 2512 contrario
303 2451 387 2530 abigi
399 2452 488 2511 tacite
501 2454 609 2531 potuit.
624 2474 640 2511 n
661 2456 814 2525 Locustas,
830 2457 873 2516 ait
892 2457 1024 2531 Plinius,
1038 2460 1195 2539 quandoque

140 2558 156 2593 a
169 2540 317 2618 gregatim
333 2539 464 2600 sublatas
477 2547 587 2611 vento,
602 2541 635 2601 in
648 2549 753 2621 stagna
768 2550 800 2603 ct
812 2544 906 2605 maria
918 2544 1073 2609 decidere.
1086 2548 1194 2627 atllist

137 2625 204 2685 Nat.
219 2627 240 2686 Ι.
256 2626 301 2696 tt,
316 2644 343 2687 c.
358 2626 395 2686 96
407 2627 429 2703 ).

174 2710 204 2769 9ο
218 2711 367 2771 Tenebrae
388 2727 454 2787 quae
474 2712 682 2791 contigerunt,
696 2714 817 2775 nonnisi
830 2713 930 2775 densae
946 2716 1073 2781 nebulae·
1080 2719 1196 2787 fuernt

139 2812 204 2873 quae
217 2796 394 2855 naturaliter
407 2796 552 2856 oriuntur.

174 2881 223 2941 {0⁰
234 2881 375 2940 interitus
386 2882 655 2959 primogenitorum
667 2889 718 2943 aut
729 2884 785 2943 tuit
797 2885 921 2947 eftectus
933 2889 1027 2964 pestis
1039 2889 1198 2973 anteeant
1231 2918 1234 2925 ·

136 2967 262 3026 rationis
274 2966 457 3027 Judaeomm.
468 2969 594 3045 Moysen
607 2970 692 3030 aiunt
705 2971 894 3032 Naturalistae
915 2982 960 3034 sat
976 2977 1110 3047 peritum
1122 2980 1199 3041 forse

136 3053 273 3113 adhosce
285 3054 407 3113 elicetus
417 3055 630 3135 naturalespro
639 3058 791 3119 miraculis
799 3059 1009 3131 venditandos‚
1019 3065 1198 3146 Judaeosqos

136 3140 256 3219 ignaros
268 3148 300 3198 et
311 3157 417 3208 vanos,
433 3142 620 3205 inducendos
631 3144 671 3204 ad
682 3143 884 3218 credendum,
897 3148 994 3208 Deum
1007 3149 1077 3214 haec
1088 3160 1124 3215 ut
1141 3166 1200 3217 vert

135 3225 279 3285 miracula
291 3243 344 3303 pro
358 3227 431 3304 ipsis
441 3227 559 3290 iecisse.

154 3310 257 3390 'ltesp
279 3314 303 3371 l.
327 3312 516 3373 Naturalistis
541 3314 631 3374 facile
658 3315 858 3385 adsentimur,
883 3319 1035 3381 mirabilia.
1058 3323 1201 3405 hagono

135 3397 263 3476 AEgypti
275 3415 337 3456 non
350 3414 422 3457 vera
440 3398 583 3458 miracula
596 3399 686 3458 luisse
694 3419 703 3470 ;
720 3417 788 3459 cum
808 3403 889 3462 Deus
901 3405 933 3464 in
952 3407 1090 3469 favorem
1102 3410 1202 3475 erroro

135 3482 279 3542 miracula
296 3481 388 3542 edere
402 3482 481 3542 haud
499 3485 601 3563 possit.
616 3486 737 3562 Moyses
754 3487 797 3547 ait
814 3488 918 3566 Magos
933 3491 1042 3553 iecisse
1059 3496 1201 3567 similiter,

135 3569 168 3629 id
181 3575 241 3637 est,
256 3569 336 3647 ipsos
355 3576 476 3629 conatos
496 3572 685 3633 esseantihus
702 3575 827 3634 secretis
844 3577 958 3654 Moysis
974 3597 1048 3641 vera
1068 3584 1203 3649 miracola

135 3656 265 3727 imitari,
276 3654 313 3714 ad
327 3653 517 3734 probandum·
531 3655 680 3717 Pharaoni
700 3676 750 3729 ea,
764 3678 831 3737 qum
848 3663 977 3723 saciabat
996 3668 1138 3747 Moyses,
1149 3688 1204 3733 non

135 3756 200 3801 esse
212 3741 272 3802 nisi
282 3739 429 3800 naturalia
435 3760 444 3812 3
465 3749 495 3801 et
506 3741 594 3813 hinc,
608 3759 677 3803 cum
689 3746 808 3805 tertiam
826 3748 944 3826 plagam
957 3752 1071 3813 imitari
1082 3773 1145 3819 non
1156 3774 1205 3839 po-

134 3828 270 3898 tuissent,
284 3828 486 3888 exclamarunt
498 3830 537 3890 da
548 3832 652 3908 Moyse
666 3851 673 3890 :
687 3834 803 3910 napitas
813 3836 871 3894 Dei
879 3845 920 3896 est
931 3837 1005 3900 ha'c'.

170 3916 222 3979 SS.
237 3917 435 3995 Augustinus,
449 3917 579 3980 Thomas
596 3920 709 3997 aliique
726 3922 867 3999 equidem
885 3925 1022 3987 arbitrati
1035 3938 1107 3995 sunt
1117 3936 1206 3997 mira·

134 4000 209 4060 bilia
229 4003 384 4082 Magorum
398 4003 562 4068 Pharaonis
581 4008 662 4069 vires
682 4007 826 4073 humanas
842 4014 1057 4079 transcendere
1097 4030 1133 4085 et
1149 4038 1205 4105 ope

165 4108 245 4165 trudo
253 4115 525 4171 hoseumillersoholia
535 4118 563 4171 in
573 4121 601 4171 V.
612 4122 640 4172 T.
651 4121 739 4189 lipsiae
749 4123 817 4180 tras.
828 4137 854 4189 p.
866 4127 890 4188 t,
900 4138 955 4190 pay.
966 4126 1022 4194 tlt.
