2708 4846
462 463 650 514 tibuoatttt
670 464 875 514 SACRORUM.
1157 463 1202 513 itt
1270 484 1278 495 ·

178 547 217 643 'Iu
233 548 374 615 Armenia
385 561 417 616 et
438 558 615 635 regionibus
626 556 761 619 finitimis
773 564 912 619 constans
923 556 1202 638 perseveravittra·

161 628 219 695 drtio
230 639 263 701 de
271 659 336 703 arca
348 660 439 719 super
447 644 729 721 montes-Armeniae
737 644 854 705 relicta.

170 802 175 816 Ι
187 719 260 787 Fides
277 728 314 788 de
330 727 446 788 diluvio
467 730 631 789 universali
643 730 759 807 pariter
768 729 824 788 iuit
842 727 921 808 apud
934 729 1071 808 antiquos
1083 728 1202 811 AEgyp-

159 808 215 902 iltis
224 832 282 874 cum
293 818 375 876 enim
391 816 482 876 Solon
496 816 612 894 aliquos
620 818 814 898 philosophos
824 817 986 897 AEgyptios
995 817 1033 879 de
1043 818 1202 897 antiquita-

157 890 220 959 ltbus
231 903 399 980 aegyptiacis
412 903 639 982 interrogasset,
652 903 685 962 hi
698 905 728 964 ci
741 904 818 964 hanc
829 904 1055 983 responsionem
1066 905 1179 967 dedere
1192 926 1200 967 ε

156 981 236 1048 aaut
253 990 364 1065 aliquot
386 989 529 1067 temporis
551 989 691 1067 periodos
711 989 872 1060 diluvium,
887 990 1005 1050 coelitus
1022 990 1198 1066 immissum,

155 1077 170 1117 ’θ
185 1076 368 1135 tmetacion
376 1082 480 1133 mutat.
493 1075 596 1135 Genus
604 1075 767 1134 humanum
777 1076 886 1154 saepius
893 1077 985 1136 variis
994 1077 1091 1137 modis
1099 1080 1199 1158 periit.

153 1155 216 1219 ‘En
229 1177 279 1221 cur
294 1177 407 1220 novum
423 1174 519 1236 genus
532 1160 694 1220 humanum
706 1170 808 1221 eareat
816 1162 1028 1233 monumentis,
1042 1165 1201 1242 temporis·

150 1252 224 1321 ”que
233 1246 417 1326 praeterlapsi
429 1246 537 1305 notitia
549 1245 569 1304 ¹.
587 1267 602 1303 n

181 1330 280 1393 Eadem
295 1331 418 1391 traditio
438 1330 517 1405 apud
539 1332 678 1409 antiquos
696 1332 787 1410 Syros
806 1332 916 1393 extitit.
931 1334 965 1392 in
978 1334 1077 1395 veteri
1090 1338 1201 1418 templo

148 1401 258 1475 iunonis
279 1414 479 1474 ostendebant
499 1431 659 1474 cavernam
674 1415 867 1494 profundam,
880 1432 1036 1494 perquam
1053 1434 1144 1496 aquas
1155 1421 1203 1481 di-

149 1486 210 1558 iuvit
224 1500 371 1559 eitluxisse
386 1497 628 1576 praetendebant.

176 1584 329 1653 basianus,
351 1585 404 1660 qui
423 1583 535 1643 dictam
556 1601 717 1645 cavernam
736 1585 868 1656 viderat',
884 1587 1004 1658 scribit,
1017 1589 1102 1665 Juxta
1121 1590 1203 1652 Grae-

149 1683 235 1732 eomm
254 1670 448 1730 traditionem
466 1672 596 1749 primum
607 1687 702 1749 genus
715 1671 877 1732 humanmn
888 1673 1004 1734 diluvio
1015 1676 1158 1753 periisse,
1173 1687 1204 1739 ct

146 1754 346 1819 deucalionem
358 1757 396 1816 ab
409 1774 445 1816 eo
456 1764 605 1817 servatum
619 1758 709 1818 iuuisse
721 1759 754 1817 in
768 1775 837 1818 area
848 1776 916 1829 cum
928 1758 1103 1834 infantibus,
1115 1770 1146 1823 et
1155 1762 1204 1824 di-

146 1848 226 1907 versis
236 1843 409 1907 animalimn
421 1843 582 1923 speciebus
595 1844 617 1901 ¹.

172 1924 447 2040 Historiassinensis
457 1929 644 1990 mentionem
656 1928 727 1988 iacit
739 1928 777 1989 de
787 1927 902 1989 celebri
912 1929 1012 2007 aliquo
1023 1929 1137 1995 diluvio
1147 1938 1203 1997 sub

141 2019 175 2081 im
197 2021 285 2079 ‚Yao
316 2059 324 2078 .
999 2072 1003 2083 .

171 2040 202 2165 iz
219 2104 306 2164 libris
318 2102 411 2163 sacris
424 2100 565 2161 indorum
577 2101 692 2176 pariter
703 2100 831 2161 retertur
843 2117 937 2180 genus
947 2102 1111 2164 humanum
1123 2104 1203 2167 dilu-

137 2193 183 2253 tio
194 2176 351 2270 periisse‘.
360 2188 497 2247 Tandem
506 2204 609 2247 omncs
621 2186 712 2261 prisci
723 2188 837 2266 popuii,
848 2187 927 2266 apud
939 2207 1012 2266 quos
1022 2190 1144 2253 annales
1153 2209 1205 2255 an·

135 2278 207 2355 tiqui
220 2276 371 2337 habentur
383 2273 530 2333 diluvium
542 2280 760 2352 supposuerunt
774 2261 795 2335 ⁵.

170 2365 237 2422 Jam
253 2377 326 2421 vero
341 2357 489 2435 quomodo
505 2376 609 2418 omnes
621 2359 670 2418 isti
683 2359 786 2437 populi
800 2359 914 2437 antiqui
928 2360 959 2420 in
971 2360 1118 2422 diluvan
1131 2381 1204 2424 con-

133 2449 309 2511 sensemntt
330 2446 468 2505 Proiecto
486 2462 546 2504 non
560 2445 600 2504 ob
616 2445 748 2504 studium
759 2453 873 2506 natiuae
887 2454 918 2506 et
930 2446 1117 2510 deiectiones
1130 2469 1204 2512 con·

133 2536 302 2613 ehyiiorum
319 2531 535 2592 maritimomm
556 2531 587 2590 in
603 2532 670 2590 sinu
685 2538 774 2590 terrae
787 2547 821 2591 ac
837 2532 870 2591 in
881 2533 1034 2593 montibus
1040 2552 1048 2604 ;
1063 2550 1130 2594 eum
1145 2544 1204 2596 stu-

133 2622 216 2682 dium
233 2620 390 2701 physices,
405 2616 553 2693 dietaeque
573 2616 761 2676 deiectiones
778 2624 839 2674 tam
856 2617 987 2693 antiquae
1006 2635 1067 2677 non
1080 2620 1156 2691 sint,
1174 2628 1205 2680 ct

132 2707 232 2768 nultus
253 2705 443 2780 antiquorum
468 2703 646 2780 scriptorum
667 2701 745 2761 banc
762 2703 910 2760 rationem
931 2701 970 2760 ad
990 2704 1205 2764 stabiliendum

132 2793 280 2855 mintium
292 2789 479 2869 allegaverit.
492 2789 601 2859 QOritnr
614 2789 707 2865 igitur
724 2788 780 2847 istc
795 2787 973 2866 populorum
990 2805 1150 2850 consensus
1168 2809 1205 2849 ex

134 2881 201 2959 ipsa
212 2878 250 2939 de
261 2877 376 2937 diluvio
391 2875 568 2945 traditione,
584 2875 726 2951 coniugis
740 2874 817 2950 quod
832 2875 864 2932 in
873 2874 1007 2934 historiis
1016 2875 1205 2953 antiquorum

136 2964 312 3045 populorum
336 2967 404 3039 post
426 2960 572 3038 epocham
593 2960 707 3018 diluvio
730 2958 915 3037 adsignatam
933 2959 1009 3018 nihil
1023 2962 1153 3021 occurrit
1166 2962 1206 3021 de

137 3050 236 3125 aliquo
256 3046 371 3107 diluvio
388 3044 588 3104 inemorabiii.
608 3045 668 3104 Cur
681 3043 719 3101 de
733 3042 846 3102 diluvio
860 3044 995 3120 pluribus
1008 3051 1076 3103 ante
1088 3047 1206 3106 saeculis

139 3132 245 3193 orbem
254 3131 427 3193 devastante
448 3130 480 3188 in
496 3128 557 3188 illis
570 3129 683 3186 inentio
698 3125 798 3196 tieret,
812 3127 838 3186 si
850 3127 926 3186 illud
938 3143 1044 3204 reapse
1054 3145 1115 3186 non
1129 3131 1208 3186 exti-

137 3218 241 3279 tisset?
256 3216 341 3278 atde
361 3216 477 3274 nulium
498 3214 653 3289 antiquum
666 3218 906 3281 monumentum,
920 3211 1035 3269 nullum
1047 3212 1206 3289 vestigium

135 3303 273 3365 humanae
295 3303 452 3363 industriae
474 3317 614 3377 umquam
634 3299 788 3359 detectmu
810 3297 916 3367 inisse,
940 3296 1020 3374 qarod
1042 3297 1166 3375 epochae
1188 3314 1206 3356 a

134 3392 239 3469 Moyse
263 3390 377 3450 diluvio
403 3388 565 3466 adsignatae
585 3388 625 3446 sit
638 3386 781 3447 anterius.
801 3385 929 3463 Oportet
947 3400 1018 3461 ergo
1037 3390 1098 3442 tum
1112 3399 1207 3462 genus

134 3476 296 3537 humanum
310 3492 379 3535 oum
392 3474 531 3532 omnibus
543 3472 744 3532 monumentis
752 3472 895 3552 periisse,
906 3486 941 3529 ac
949 3467 1021 3529 dein
1030 3476 1207 3529 renovatum

132 3564 283 3635 intimant
293 3564 413 3639 Moyses
425 3561 541 3621 scribit.

169 3649 332 3729 Adspeetus
343 3648 492 3707 estemoris
503 3646 581 3723 ytobi
589 3645 683 3706 nostri
695 3644 840 3704 diluvium
854 3642 1024 3704 universale
1038 3639 1166 3709 evincit;
1175 3639 1207 3699 in

134 3742 262 3815 quatuor
271 3736 354 3795 enim
365 3734 468 3794 mundi
480 3734 617 3811 partibus
626 3738 788 3792 cernuntur
797 3731 892 3790 sardes
901 3734 1033 3808 angmtae
1042 3727 1208 3804 ,utrimque

132 3820 331 3885 &mdabat
341 3820 494 3880 montibus
505 3835 540 3879 ae
552 3819 676 3896 rupibus
693 3814 1003 3895 perpendicularibus‚
1017 3812 1068 3889 qui
1084 3811 1208 3890 angulos

164 3962 252 4019 ‘Vide
262 3968 388 4016 Platonem
399 3967 425 4015 in
434 3967 534 4014 Timaeo.
543 3965 644 4014 Consule
657 3967 682 4015 ct
692 3962 927 4013 tiistoireviritabie
938 3961 981 4009 des
991 3961 1070 4021 temps
1082 3958 1209 4018 iabuteux,

135 4038 156 4089 Ι.
170 4035 364 4087 i.-¹Laeiau.
375 4037 406 4083 de
417 4038 468 4084 beo
486 4035 563 4095 Syria.
573 4058 602 4070 -
611 4031 622 4068 ὓ
630 4035 767 4095 chonkiny,
783 4047 808 4096 p.
819 4034 871 4082 8-9.
881 4028 931 4066 -i
940 4028 1134 4089 bacar-Vedam,
1151 4030 1170 4076 t.
1181 4030 1209 4089 2,

137 4105 358 4179 put-Avito
367 4106 444 4169 Baitty
455 4121 462 4154 ι
474 4106 536 4154 iiist.
549 4105 579 4154 do
593 4105 730 4154 l'aueicone
740 4104 835 4154 Astrou.
851 4099 973 4150 Eciaireis.
998 4100 1016 4148 l.
1028 4099 1052 4162 i,
1062 4112 1088 4147 n.
1097 4099 1177 4153 aaut.
