2716 4838
227 460 276 509 aas
640 456 686 505 nr
704 454 906 505 autunum

225 554 393 628 sequuntm
405 555 476 611 snut
490 547 628 611 moralia
640 546 762 610 Galatas
772 546 812 608 ad
822 546 1024 609 consuntiam
1040 545 1077 606 in
1088 558 1169 607 uera
1178 541 1262 613 lide,
1273 543 1315 605 ad

225 620 369 695 virtuted
393 640 426 695 ct
441 634 591 711 imbuam
609 632 764 705 borracum
786 638 840 695 eos
861 632 984 693 instruo
1006 629 1160 708 pernota
1180 644 1218 690 ss
1239 642 1317 708 erp

224 720 369 793 invicem,
380 728 413 781 et
424 737 497 799 erga
509 719 776 799 pseudoapostolos
791 734 901 798 gerere
914 717 1066 786 debeant,
1085 722 1146 777 etc.

260 806 351 867 Nulla
360 805 497 886 Epistola
518 805 605 867 Pauli
624 813 671 867 est
685 804 744 867 hac
762 802 944 865 concitatior
963 809 996 863 et
1013 800 1230 863 vehementior
1242 819 1251 859 ε
1265 816 1317 861 re-

224 891 389 971 prehendit
410 891 573 973 Apostolus
594 884 717 952 Galatas
733 889 899 959 acerrime,
917 894 953 949 ut
969 905 1045 966 quos
1067 886 1146 947 ratio
1167 887 1250 949 iortc
1273 886 1314 949 ab

224 993 330 1039 errore
338 994 399 1039 non
411 985 582 1047 revocaret,
589 976 753 1039 reduceret
767 975 932 1039 scribentis
943 973 1248 1055 anctoritas.Scripta
1255 972 1315 1037 tait

224 1060 294 1127 hee
304 1063 439 1142 Epistola
449 1080 541 1124 manu
552 1062 676 1143 propria
688 1059 775 1123 Pauli
787 1060 828 1138 (c.
841 1060 871 1130 6,
883 1060 942 1136 ll).

403 1190 449 1267 nn'
458 1216 601 1267 nrrsrona
615 1217 644 1266 n,
659 1214 751 1265 raum
764 1214 908 1265 mosront
923 1214 965 1263 ao
979 1212 1129 1263 manuos.

252 1327 1286 1465 §mm-lamsacdptionmlipipxatuetpcmsiopmximablstdnss

261 1526 334 1581 ⁴⁸⁷·
344 1523 523 1604 Comcripta
535 1522 592 1585 iuit
603 1522 670 1585 lucc
678 1524 814 1604 Epistola
827 1525 932 1586 Roma
945 1540 1085 1587 sermone
1096 1538 1218 1603 μου.
1233 1530 1313 1587 tem

223 1626 300 1690 pore
308 1611 416 1689 prima
428 1608 514 1673 Pauli
527 1608 712 1685 captivitatis
721 1608 763 1686 (c.
776 1610 805 1680 t,
817 1612 831 1670 t
843 1608 890 1682 3⁶,
900 1610 962 1689 2⁰),
975 1611 1056 1673 circa
1064 1610 1312 1675 assumtum

224 1694 375 1775 vulgaris3
393 1699 484 1772 atque
503 1691 657 1784 Ephesum
675 1694 777 1755 delata
789 1711 846 1775 per
856 1693 1025 1775 Tychicnm
1040 1694 1208 1757 diaconum
1223 1696 1311 1777 (cd,

259 1867 389 1931 Occasio
409 1866 548 1947 proxima
564 1863 653 1944 hujus
671 1868 817 1948 Epistola
837 1868 1093 1947 exsequentibus
1115 1869 1311 1952 intelligitur.

222 1951 375 2031 Ephesus,
388 1952 461 2013 urbs
473 1952 583 2022 ioniae,
596 1952 679 2013 Asiae
690 1953 818 2015 minoris
827 1953 1020 2033 metropolis,
1030 1960 1064 2013 ct
1074 1952 1311 2021 celeberrimam

222 2032 316 2101 totius
337 2039 420 2101 Asiae
439 2037 591 2099 citerioris
611 2039 796 2119 emporium,
818 2038 934 2101 artibus
954 2038 1082 2118 magicis
1102 2038 1310 2104 addictissimo

223 2130 304 2193 erat,
317 2130 353 2184 ut
363 2121 436 2184 satis
447 2120 546 2199 liquet
557 2136 596 2181 ex
607 2138 643 2182 eo
660 2122 743 2200 quod
754 2122 879 2203 Ephesii
899 2121 939 2184 ad
955 2122 1041 2183 Pauli
1058 2122 1311 2202 praedicantium

222 2215 269 2270 tot
281 2209 378 2271 libros
389 2205 524 2287 magicos
540 2205 777 2281 combusserint,
790 2216 825 2268 nt
836 2224 942 2271 eorum
953 2208 1084 2289 pretium
1094 2206 1184 2286 juxta
1200 2212 1312 2275 bnon

223 2384 313 2456 ilique
338 2378 411 2439 hinc
437 2394 663 2455 Eptmypuppm,
687 2378 877 2441 Chardclem
900 2379 1036 2455 Ephesii,
1060 2380 1310 2463 inupl'owblm

222 2464 378 2537 abierant,
391 2464 430 2527 ad
443 2465 637 2528 characteres
645 2464 779 2543 magicos
787 2464 1003 2543 designandos.

257 2549 395 2630 Ephesus
417 2569 481 2612 non
505 2552 606 2613 minus
627 2550 732 2612 dedita
752 2556 818 2611 erat
837 2550 932 2611 cultui
952 2550 1119 2622 idolorum,
1137 2556 1311 2632 prasertim

220 2636 325 2697 Dianae
337 2636 794 2716 tluttimananiacqnamtlroeci
802 2635 938 2698 omnium
950 2637 1149 2697 animantium
1157 2642 1311 2703 nutricem

221 2722 496 2785 essevolebaut**.

257 2807 367 2869 Paulus
378 2824 417 2867 ex
426 2806 510 2868 hisce
522 2806 742 2887 superstitiosis
753 2823 789 2869 ac
801 2805 970 2869 idololatris
982 2805 1123 2888 Ephesiis
1134 2808 1311 2891 complures

221 2892 381 2955 adChristi
393 2890 484 2951 iidem
494 2900 697 2953 converterat.
706 2894 889 2973 Perceperat
899 2900 1001 2954 autem
1013 2894 1117 2955 Rom‘c
1128 2892 1310 2973 incarcere,

220 2976 431 3036 uerisimiliter
440 2976 629 3057 abEpaphra
639 2975 683 3054 (n.
697 2976 777 3056 ibt),
789 2976 939 3058 Ephesios
954 2980 1027 3043 istos
1039 2978 1073 3040 in
1084 2974 1311 3059 primitivum

221 3060 341 3121 fervore
353 3061 536 3141 persistere,
555 3060 756 3125 ialsosautem
768 3062 909 3125 doctores
922 3080 1041 3126 errores
1053 3064 1127 3145 ipsis
1138 3064 1311 3135 obtundens

220 3152 344 3207 conatos
358 3162 437 3209 osse.
448 3146 543 3207 Erant
556 3145 591 3206 bi
606 3146 674 3209 taisi
687 3146 828 3209 doctores
841 3148 940 3209 Judaei
951 3154 983 3209 et
995 3148 1173 3229 Philosophi
1181 3152 1310 3233 pagani,

220 3230 475 3307 quivocationem
495 3247 580 3293 suam
595 3229 634 3292 ad
652 3229 761 3302 fidem,
776 3238 848 3301 etc„
863 3231 1064 3293 observantiae
1075 3226 1310 3313 lcgismom'len

221 3321 253 3375 st
265 3315 346 3393 legis
364 3314 511 3376 naturalis
527 3315 761 3389 adscribebant,
778 3315 865 3378 Pauli
881 3316 1068 3396 aliorumque
1090 3318 1310 3399 Apostolorum

248 3435 260 3457 ’
269 3436 295 3485 Sl
305 3436 402 3485 denarii
416 3437 458 3486 lstl
468 3439 527 3487 sunt
541 3438 650 3499 romunt,
661 3440 688 3488 et
697 3440 798 3501 aeqmnt
805 3440 837 3489 lo
846 3441 893 3489 sol.
905 3439 1024 3501 Gallicos,
1035 3439 1083 3489 isin
1091 3440 1180 3501 tutuo
1190 3442 1311 3497 deamb-

218 3518 275 3555 rnn
285 3504 397 3555 affluunt
406 3508 494 3567 saun
503 3507 548 3556 tto.
561 3508 611 3567 pt.

249 3573 371 3622 'Extabat
379 3575 503 3636 quondum
516 3576 606 3635 Ephesi
616 3575 702 3625 blanau
710 3576 831 3639 tcmplum
842 3577 1310 3640 antiquisstmnn,sn1nptuostsdnn

218 3643 437 3705 uetustissimum,
448 3646 473 3692 et
484 3643 551 3691 iute'r
561 3646 656 3704 scptcm
667 3644 785 3693 miracnia
796 3646 886 3701 mundi
893 3647 1009 3694 relatum.
1020 3646 1114 3695 Plinius
1122 3646 1214 3699 scribit
1223 3646 1310 3713 (ffl-

217 3712 288 3773 rich,
297 3710 344 3761 tib.
354 3712 399 3771 bd;
410 3726 433 3761 c.
444 3711 502 3773 rt),
513 3712 635 3773 ternplum
646 3712 693 3761 boc
702 3712 750 3761 220
759 3714 845 3773 annis,
856 3716 907 3763 tota
918 3716 973 3763 Asia
985 3716 1015 3763 ad
1026 3715 1095 3763 itlius
1104 3717 1222 3778 turnum
1230 3730 1263 3769 as
1271 3720 1311 3769 b-

218 3781 302 3829 borem
313 3782 490 3841 concurrente,
499 3794 553 3830 csse
563 3784 720 3843 extructum,
728 3783 810 3843 ipsum
818 3783 866 3831 tut
875 3784 953 3845 pedes
963 3784 1312 3845 tonpitndtntsctnotstttn-

218 3851 284 3899 dinis
294 3850 425 3911 habuisse,
433 3854 508 3912 aune
519 3852 564 3899 titt
572 3852 705 3913 columis,
715 3864 760 3913 per
770 3850 875 3901 totidem
888 3866 959 3915 reges
969 3852 1055 3915 lactis,
1067 3856 1094 3903 et
1102 3852 1134 3903 tu
1143 3854 1240 3917 pedum
1249 3856 1312 3909 aill-

218 3918 327 3979 tudinis,
336 3920 448 3969 ornatum
458 3918 543 3968 luisse.
555 3921 701 3981 Erostrntus,
710 3933 755 3968 scu
764 3921 935 3983 Eratostratus,
947 3921 1204 3989 bpbmtmobscmns,
1214 3936 1311 3978 mu

217 3997 290 4034 suum
307 3987 491 4036 immortalitate
506 3986 594 4036 stolide
608 3988 756 4048 donaturus,
774 3988 833 4037 bule
848 3990 941 4051 templo
958 3990 1204 4052 magniliceuilnlmo
1221 3994 1310 4059 ἱρει

218 4056 328 4107 admovit
341 4060 413 4108 nocte
427 4059 564 4109 nadrttalis
578 4059 712 4110 Alexandri
727 4060 810 4123 magni
823 4062 871 4112 bdd
884 4062 957 4115 anuis
970 4064 1030 4115 ants
1044 4062 1179 4115 dhrim.
