2708 4846
161 468 207 520 186
559 472 606 521 DE
628 466 850 520 aurnanrtt

161 524 250 625 armat
262 561 445 642 ponderasse
462 562 499 625 50
515 564 638 626 circiter
649 565 764 633 uncias,
778 562 849 640 quia
861 559 997 639 Scriptor
1007 556 1215 628 sacernondt,

161 648 307 711 abscissos
319 649 478 711 absalonis
491 650 616 752 capillos
629 657 745 710 tanturn
757 647 951 728 ponderasse,
965 643 1019 705 sed
1029 641 1219 723 00004000ῳί-

160 738 198 797 tis
213 738 276 809 sui3
289 738 391 816 capilli
403 756 476 799 voro
479 738 617 816 ,quinon
629 738 854 806 resecabantur,
863 731 1218 814 spondereabscisearun

159 825 396 903 approximative
408 825 641 887 aestimabantur.

194 910 379 973 Absalonem
391 929 543 973 armomm
553 913 689 991 pondere
701 918 857 991 gravatum
868 908 940 971 solis
952 906 1069 988 capellis
1076 906 1219 985 sasque·

157 996 207 1058 cui
226 998 398 1071 inhaesisse,
412 1006 446 1058 ut
461 999 571 1061 Deistae
586 996 722 1059 nonnulli
742 996 904 1074 objiciunt,
917 991 1095 1073 figmentum
1113 1001 1159 1055 est
1167 992 1219 1071 pia·

157 1091 275 1158 torum;
293 1088 319 1146 ll
340 1086 422 1147 enim
434 1088 514 1166 'Rep
529 1085 574 1156 48,
591 1086 761 1163 tlexprcsse
777 1083 905 1143 dicitur:
925 1080 1060 1142 Adboesit
1073 1088 1158 1163 captat
1170 1080 1219 1161 titt

156 1172 275 1247 quercui
299 1173 382 1249 (vide
407 1171 525 1234 Calmet
543 1172 575 1231 in
593 1173 620 1230 44
638 1172 715 1249 lieg.
731 1168 781 1240 l8,
802 1168 843 1249 9).
857 1167 1076 1229 verisimiliter
1093 1170 1219 1247 caputet

155 1256 259 1335 capilli
272 1255 360 1318 simul
373 1257 464 1317 ramis
477 1255 624 1335 implicati
638 1254 767 1314 luerunt.

192 1343 262 1398 400.
282 1345 295 1401 1
309 1344 427 1419 Regum
438 1341 489 1412 48,
502 1342 589 1401 att-at
604 1349 740 1401 narratur
753 1338 900 1402 Davidem
919 1339 975 1401 000
987 1340 1140 1419 praeputiis
1159 1336 1219 1399 toll·

154 1427 401 1488 democcisorum
412 1427 658 1489 Philisthaeorum
678 1426 793 1488 Michol
815 1427 912 1487 Saulis
928 1424 1037 1497 liliam,
1054 1427 1089 1487 in
1110 1442 1220 1489 uxoren

153 1514 331 1575 obtinuisse.

190 1601 256 1661 Hoc
275 1598 416 1677 equidem
434 1616 451 1659 a
469 1600 580 1660 nostris
595 1599 730 1659 moribus
742 1598 875 1659 alienvnn
888 1605 947 1671 est;
963 1615 1070 1660 verum
1088 1597 1219 1678 quemad·

152 1685 274 1747 modum
286 1689 394 1748 Turcac
407 1686 506 1766 capita
518 1687 607 1748 victis
620 1693 770 1765 amputata
784 1687 821 1747 ad
835 1704 1007 1766 supremum
1019 1688 1129 1749 ducem
1139 1686 1218 1751 moda

151 1775 284 1843 mittunt,
298 1773 341 1835 ita
352 1774 443 1835 etiam
455 1774 593 1834 nonnulli
607 1773 723 1851 antiqui
735 1774 839 1853 populi
851 1774 936 1835 caesis
949 1774 1088 1836 hostibus
1100 1774 1217 1837 aheim

150 1861 286 1922 verenda
300 1861 339 1922 ad
352 1860 445 1923 duces
458 1867 509 1920 aut
521 1860 675 1939 principes
688 1860 866 1921 deserebant
876 1868 911 1921 ut
922 1861 1054 1933 Gallani,
1067 1860 1171 1940 populi
1179 1876 1218 1921 su

150 1948 278 2025 perioris
300 1948 468 2027 AEthiopiae
483 1947 502 2006 ¹.
527 1948 596 2008 Saul
616 1947 763 2007 Davidem
780 1966 837 2026 pcr
853 1947 1044 2009 Pbilisthaeos
1066 1949 1106 2009 de
1127 1948 1218 2011 medio

149 2033 298 2094 sublatum
311 2034 350 2092 iri
363 2032 552 2103 crediderat,
572 2051 638 2093 cum
652 2050 720 2092 eum
732 2032 786 2093 400
803 2034 971 2094 occisorum
987 2032 1218 2095 Philisdtaeorun

148 2120 295 2197 preputio
307 2135 363 2198 pro
375 2118 446 2177 dote
454 2116 568 2176 Michol
581 2118 698 2177 adferre
709 2117 857 2196 jusseram
870 2135 926 2197 per
934 2119 1148 2196 praecisionem
1154 2136 1216 2181 rem

147 2204 372 2282 praeputiorum,
388 2210 491 2281 utpote
502 2203 825 2279 ignominiosissimam,
846 2206 1003 2274 Davidem,
1016 2207 1043 2266 si
1055 2207 1148 2268 etiam
1155 2205 1217 2269 Phi-

148 2287 334 2348 listbrorum
343 2289 594 2358 victormancret
609 2287 812 2351 Philisthaceis
822 2308 936 2352 summe
947 2291 1087 2353 odiosum
1098 2290 1216 2355 reddam

146 2372 280 2432 volebat.

184 2459 256 2514 400.
269 2461 295 2518 44
308 2460 385 2538 Deg.
399 2458 436 2519 tt
449 2461 502 2518 etl
515 2458 611 2518 Paral.
624 2458 672 2529 07,
686 2459 907 2563 000040341οι,
920 2462 1070 2524 Davidem
1082 2464 1214 2545 populun

146 2561 232 2604 suum
244 2561 261 2604 a
275 2545 353 2605 Joab
366 2543 508 2625 praesecto
525 2545 655 2605 militum
666 2547 820 2606 recenseri
830 2546 965 2625 jussisse,
973 2548 1156 2611 Deumvero
1166 2564 1215 2631 per

145 2631 324 2711 prophetam
337 2632 403 2692 Gad
418 2632 458 2693 ob
477 2642 636 2711 peccatum
654 2649 710 2712 per
722 2631 800 2694 hanc
811 2634 1022 2694 recensionem
1033 2636 1214 2699 commissu

145 2719 253 2779 Davidi
285 2720 439 2799 optionem
465 2719 584 2780 dedisse
610 2727 661 2781 aut
685 2720 770 2781 lamis
794 2720 811 2779 7
835 2738 996 2794 annorum,
1021 2730 1074 2782 aut
1097 2720 1214 2803 bagad

144 2806 293 2866 mensium
309 2823 409 2866 coram
426 2806 580 2878 hostibuS,
603 2814 653 2866 aut
670 2808 763 2885 pestis
782 2806 800 2863 5
822 2807 958 2880 dicrum,
976 2808 1127 2871 Davidem
1148 2825 1213 2871 vert

143 2899 260 2971 pestem
273 2892 413 2971 elegisse,
425 2909 484 2970 qua
496 2893 600 2961 70‚000
608 2894 741 2951 rirorum
753 2894 919 2971 perieramt.

179 2978 546 3057 Vemmpeccaminosum
564 2978 678 3056 aliquid
688 2978 720 3037 in
730 2978 788 3039 hac
800 2982 979 3041 recensione
990 2980 1126 3054 latuisse,
1137 2986 1212 3063 patet

144 3064 272 3137 exinde,
285 3065 366 3142 quod
379 3064 468 3135 Joab,
478 3065 526 3125 vir
536 3064 719 3141 caeteroquin
736 3065 862 3127 minime
880 3067 1054 3145 religiosus,
1076 3068 1155 3130 hano
1168 3084 1212 3129 re-

142 3152 317 3213 censionem
340 3151 529 3229 improbarit.
556 3150 772 3213 verisimiliter
791 3153 890 3214 David
909 3153 1113 3214 meditabatur
1137 3154 1210 3217 bella

141 3236 306 3316 longinqua
324 3244 408 3297 extra
428 3236 542 3298 limites
564 3253 581 3297 a
598 3239 703 3315 Moyse
727 3239 933 3318 praescriptos,
954 3239 1066 3316 quibus
1086 3246 1211 3301 remotos

140 3328 267 3409 populos
289 3326 348 3387 sibi
370 3327 572 3387 submitteret.
594 3326 670 3387 Cum
688 3326 786 3387 ludaei
805 3328 847 3386 ita
869 3327 1014 3407 dispcrsi,
1030 3334 1062 3387 et
1080 3328 1208 3406 proxima

139 3414 275 3495 periculo
285 3412 464 3473 idololatriae
474 3412 603 3490 expositi
614 3412 750 3486 tuissent,
763 3412 861 3474 David
873 3414 905 3473 in
918 3414 979 3474 suis
989 3413 1123 3477 subditis
1130 3420 1207 3494 pestt

139 3501 260 3580 punitus
277 3498 344 3559 tuit.

435 3618 543 3685 saxvr.
556 3621 712 3699 -Mm'rrcon
723 3621 783 3672 enae
794 3623 820 3673 et
830 3622 912 3672 miser.

175 3748 246 3804 000.
268 3745 299 3807 l⁰
316 3745 397 3807 Elias
409 3744 573 3806 Thesbites
594 3762 611 3806 a
629 3748 694 3807 Deo
710 3747 897 3825 potissimum
912 3743 1066 3809 adhibitus
1082 3744 1156 3821 init,
1170 3740 1204 3808 ad

139 3831 339 3895 idololatriam
352 3832 384 3891 in
394 3847 488 3909 regno
498 3831 591 3893 lsrael
604 3830 820 3909 extirpandam,
829 3841 861 3894 ct
871 3831 909 3893 ad
922 3832 1139 3895 destruendum
1149 3830 1203 3897 tul·

137 3917 1205 4001 tumBaal,quemJezabeletAcbabinhocregnumindunerant3bint

136 4004 219 4066 Deus
230 4023 286 4085 per
295 4008 393 4068 Etiam
404 4007 488 4068 varia
495 4006 640 4068 miracula
650 4006 798 4084 patravit:
812 4009 856 4071 sie

169 4116 243 4168 troo.
253 4119 388 4184 tudotptr„
403 4121 467 4171 ttist
478 4119 597 4181 AEtblop„
611 4120 629 4168 4.
641 4123 669 4180 4,
679 4132 701 4167 c.
713 4120 751 4167 40.
