2708 4846
457 448 644 499 ttaaoaull
658 447 862 499 debollllbi.
1154 450 1196 499 tlt

155 548 333 622 Nunoupata
350 541 406 602 luit
422 541 490 602 haee
502 544 602 603 versio
614 543 722 602 Lllllll
735 548 767 602 et
777 558 902 602 numero
915 543 1044 604 rotundo
1056 544 1136 604 Lxx
1150 547 1198 605 ln-

119 639 302 711 terpretum,
325 629 376 688 vel
397 627 478 707 quod
503 626 711 689 aSanhedrio
735 628 1010 706 hierosolymitano
1030 647 1069 689 ex
1091 630 1197 691 Lllllll

118 715 294 779 doctoribus
303 715 470 792 composito
478 715 644 794 approbata
656 713 725 783 luit,
736 714 786 774 vel
796 715 876 791 quod
886 715 1080 777 verisimilius
1090 724 1146 787 est,
1157 719 1198 778 ita

118 803 274 866 dumtaxat
296 799 428 859 vocitata
448 799 520 869 init,
546 807 704 879 postquam
726 815 744 859 a
766 807 903 881 tempore
925 801 1037 862 Justini
1059 804 1200 884 martyris

117 887 241 950 Aristaei
264 884 397 945 narratio
416 882 501 944 eredi
522 884 625 964 coepit.
645 883 705 945 Diu
720 891 788 963 post
799 885 986 965 suppositum
999 892 1117 967 tempus
1127 906 1200 969 per·

115 974 215 1039 senati
232 971 355 1033 Aristaei
367 971 448 1031 eirea
460 976 579 1047 tempus
590 971 703 1031 Justini
714 972 855 1050 martyris
867 971 933 1033 haee
946 974 1045 1034 versio
1055 976 1134 1036 Lxx
1149 978 1199 1038 ln-

117 1071 285 1144 terpretrmr
297 1065 468 1139 nuncupata
478 1059 549 1119 iuit¹
563 1104 571 1130 ,
586 1067 676 1137 atque
690 1059 732 1121 ita
744 1059 986 1139 distlnguebatur
996 1061 1035 1122 ab
1049 1062 1117 1124 aliis
1130 1057 1200 1124 ver·

117 1149 256 1213 sionibus
267 1145 376 1225 graecis
384 1145 499 1204 veteris
509 1143 657 1205 Foederis.

154 1237 233 1299 Cum
256 1230 433 1293 Plutarchus
457 1229 587 1290 referat¹
608 1230 798 1291 Demetrium
820 1229 994 1292 Phalerium
1014 1233 1199 1298 consuluisse

118 1321 282 1383 Ptolemaeo
294 1317 386 1395 Lagi,
400 1322 433 1376 ut
447 1315 609 1395 scriptores
617 1315 761 1397 pohticos
773 1315 905 1395 legeret,
920 1319 1076 1380 amortuis
1094 1321 1137 1381 ita
1149 1340 1200 1384 au·

118 1407 237 1469 diturus
253 1418 320 1481 quae
335 1402 475 1462 viventes
494 1401 524 1461 ei
544 1401 648 1462 dicere
662 1400 741 1461 haud
754 1401 917 1473 auderent,
936 1404 1133 1476 Ptolemaeus.
1147 1408 1199 1487 qui

117 1491 261 1556 scientias
284 1487 465 1568 protegebat
488 1504 524 1548 ae
547 1487 684 1558 colebat,
701 1488 778 1547 torte
800 1489 956 1569 exemplar
973 1507 1104 1570 graecum
1121 1495 1200 1575 legis

118 1581 260 1641 mosaioae
271 1591 289 1636 a
300 1589 453 1653 synagoga
462 1573 565 1653 petiit,
576 1572 712 1651 illudque
720 1573 918 1636 bibliothecae
929 1578 1022 1655 regie
1033 1579 1149 1642 intulit!

156 1668 262 1742 ltaque
287 1659 454 1721 substantia
477 1661 659 1720 narrationis
680 1661 802 1720 Aristaei
822 1678 896 1723 vera
917 1664 990 1734 erit,
1010 1673 1100 1745 atque
1115 1669 1148 1728 in
1162 1685 1199 1729 eo

119 1751 280 1818 consistet,
291 1745 372 1825 quod
382 1746 481 1806 versio
492 1762 592 1825 graeca
605 1744 682 1823 legis
690 1744 865 1805 ludaeorum
873 1748 929 1807 sub
937 1748 1100 1812 Ptolemaeo
1108 1754 1197 1833 Lagi,

118 1841 267 1917 regnante
279 1832 341 1910 iam
356 1831 433 1892 iorte
447 1849 516 1892 eum
529 1831 583 1891 illo
596 1830 778 1900 Ptolemaeo,
792 1830 991 1911 Philadelpho
1004 1835 1200 1902 Alexandrian

119 1924 199 1984 faeta
210 1920 318 1989 luerit,
331 1925 363 1979 et
374 1916 505 1978 fortassis
517 1915 714 1977 bibliotheeae
726 1915 808 1997 regis
821 1917 949 1998 AEgypti
962 1919 1046 1982 illata
1055 1923 1104 1984 sit.

156 2007 189 2069 Υ
202 2007 292 2069 Dieto
304 2010 440 2083 tempore
453 2002 589 2063 translati
601 2007 670 2061 sunt
682 2001 897 2080 quinquelibri
910 2006 1024 2086 hloysis
1034 1994 1056 2069 ³.

156 2092 281 2170 Reliqui
297 2089 382 2150 Libri
397 2088 474 2150 sacri
487 2087 602 2148 veteris
610 2086 772 2148 Foederisa
783 2088 875 2150 variis
884 2090 1060 2156 doctoribus
1068 2094 1201 2160 hebraeis

121 2179 213 2261 graeei
228 2175 379 2238 idiomatis
391 2174 499 2255 peritis
514 2173 607 2233 variis
618 2174 805 2253 temporibus
817 2191 835 2235 e
847 2184 931 2237 textu
942 2176 1068 2241 hebraeo
1080 2183 1112 2243 in
1124 2201 1202 2263 grae·

120 2283 188 2331 eam
197 2264 330 2342 lingnam
342 2260 477 2330 translati
489 2265 575 2329 sunt,
588 2264 622 2318 ut
633 2265 750 2320 constat
763 2277 801 2320 ex
812 2262 959 2325 varietate
973 2265 1084 2345 linguan
1093 2286 1201 2348 ΨΜ

121 2354 156 2414 ln
171 2351 265 2412 variis
275 2348 363 2408 libris
379 2352 575 2417 oecurrente,
589 2362 628 2406 ex
645 2345 822 2407 diversitate
840 2348 926 2427 styli,
941 2351 1024 2412 modi
1042 2357 1198 2429 vertendi,

123 2447 156 2504 et
167 2455 207 2500 ex
218 2434 337 2497 diversa
353 2434 510 2494 nominum
530 2432 720 2514 propriorum
733 2434 959 2516 orthographia.
979 2441 1013 2500 ln
1026 2441 1094 2505 aliis
1112 2444 1201 2507 libris

121 2524 276 2586 traductor
290 2537 393 2598 presse
408 2519 544 2597 sequitur
562 2519 709 2590 litteram,
725 2528 756 2579 et
772 2520 805 2580 in
818 2521 886 2582 aliis
898 2540 1018 2584 sensum
1036 2527 1198 2592 dumtaxat.

122 2607 296 2671 llebraismi
320 2623 394 2666 vero
419 2616 451 2664 et
473 2621 565 2664 voees
587 2605 813 2682 aegyptiacam
836 2608 977 2667 versione
995 2610 1201 2676 Alexandrina

123 2701 260 2756 extantes
279 2697 454 2770 argumento
465 2695 549 2758 sunt,
563 2687 646 2746 illam
658 2687 697 2746 ab
710 2687 849 2748 Hebraeis
860 2690 892 2749 in
903 2693 1040 2772 AEgypto
1052 2712 1118 2758 esse
1127 2716 1201 2760 oon.

123 2781 243 2844 lectam.

157 2863 270 2924 versio
293 2855 491 2922 Pentateuehi
513 2856 648 2916 omnium
670 2861 716 2920 est
736 2857 865 2934 optima;
888 2856 968 2920 hano
982 2865 1119 2939 sequitur
1140 2877 1202 2929 tra.

123 2949 228 3011 ductio
252 2946 501 3011 Proverbiorum3
524 2940 652 3001 veniunt
674 2940 766 2999 tertio
789 2941 856 3002 loeo
878 2945 1035 3008 versiones
1053 2951 1202 3015 librorum

123 3031 283 3096 Jndieum,
295 3025 376 3087 Ruth
386 3032 418 3084 et
429 3030 556 3100 quatuor
570 3024 697 3099 Regma.
710 3020 796 3080 Libri
808 3023 869 3083 lob
878 3067 885 3093 ,
895 3025 1080 3092 Psalmorum
1089 3042 1120 3094 et
1131 3036 1202 3097 Pro.

122 3116 284 3199 phetarum
303 3108 502 3170 minus-bene
524 3107 604 3167 versi
625 3114 710 3178 sunt,
728 3106 810 3167 liber
826 3109 1017 3175 Ecclesiastis
1029 3117 1204 3185 litteraliter

122 3217 231 3267 vorsus
253 3203 307 3257 est.
329 3198 482 3274 interpres
498 3191 721 3265 Ecclesiastiei‚
736 3193 788 3272 qui
806 3195 916 3256 saeeulo
929 3199 1019 3258 tertio
1033 3211 1085 3263 aut
1096 3205 1205 3272 saltem

123 3285 235 3351 saeculo
257 3281 390 3344 seeundo
412 3286 482 3339 ante
502 3276 656 3340 Christum
669 3279 762 3351 vixit,
782 3279 814 3340 ln
828 3282 957 3363 Ptologo
970 3291 1003 3345 ut
1015 3289 1205 3356 notissimum

123 3373 227 3454 ponit,
241 3386 346 3430 omnes
358 3367 466 3427 Libros
477 3381 578 3427 saeros
590 3365 765 3426 Judaeorum
777 3367 891 3428 dudum
903 3369 935 3430 in
948 3386 1081 3450 grecum
1090 3376 1204 3440 idioma

124 3475 193 3521 esse
212 3455 370 3516 translatos
390 3472 398 3511 ε
416 3467 509 3530 quare
533 3458 626 3511 totam
645 3451 818 3512 versionem
838 3454 1075 3520 Alexandrinam
1092 3465 1205 3530 saeeulo

123 3542 248 3605 eireiter
257 3540 348 3600 tertio
361 3536 595 3600 antechristum
604 3543 708 3597 natum
717 3537 885 3600 absolutam
894 3539 986 3604 luisse
999 3553 1128 3624 oportet.

155 3663 167 3701 ¹
179 3666 216 3714 lto
227 3664 328 3713 historia
339 3662 460 3712 versionla
471 3663 535 3710 Lxx
550 3661 713 3723 haterpretum
724 3662 773 3725 leri
784 3665 886 3723 possam
895 3666 958 3715 Ellle
969 3669 1008 3716 ltu
1018 3670 1077 3730 Pin,
1087 3673 1205 3725 urberta-

126 3733 366 3797 Uonrpre'lr'minoirer
379 3747 422 3782 aar
437 3734 462 3780 lo
472 3732 551 3790 bibis,
567 3732 613 3778 ltv.
631 3733 659 3792 l,
676 3744 698 3779 e.
714 3732 742 3793 b,
757 3728 773 3798 S
788 3735 803 3780 2
819 3735 844 3781 et
854 3735 878 3781 3.
890 3735 997 3798 calmet,
1012 3740 1131 3791 Dictioaa.
1144 3746 1206 3799 delo

125 3805 204 3862 mue,
215 3806 262 3851 art.
275 3805 383 3864 septonte
395 3797 541 3862 interpreter.
554 3800 670 3861 lterssler,
685 3802 749 3850 blot.
765 3803 793 3849 de
809 3800 889 3851 t‘teot.
900 3806 947 3852 ort.
960 3809 1077 3867 scptaatr.
1090 3810 1155 3869 Jahn
1164 3816 1207 3862 lna

127 3873 263 3921 mini.
275 3875 300 3919 s.
314 3873 345 3920 V.
356 3873 402 3929 Ρ..
414 3870 513 3930 p.l‚e.
524 3866 637 3932 mstis,
648 3869 1035 3930 viennae,l80!t.-²Plutoreh.
1047 3878 1107 3941 ⁸08·
1120 3882 1145 3930 et
1156 3884 1206 3934 tm,

125 3943 208 4013 pant.
218 3941 397 4003 apophthegm.
405 3934 455 3975 ..t
466 3937 491 3986 8.
504 3938 571 3994 liter.
583 3937 614 3986 nd
624 3939 710 3987 lizath.
723 3940 738 3986 5
749 3939 774 3986 et
786 3939 823 3987 lo'.
892 3932 895 3939 ’
