2708 4846
139 440 170 490 to
576 442 624 493 nu
641 442 780 493 cittene

138 535 224 618 nicos
245 530 440 597 venerantum.
461 536 631 616 Propositio
654 537 748 598 libros
767 535 1056 598 deuterocononicos
1075 535 1210 616 respicit.

175 623 326 703 Tempore
337 623 367 683 S.
380 625 557 703 Augustini,
570 624 680 687 soeculo
693 625 810 703 quinto,
822 623 975 684 nonnullae
989 624 1135 685 Ecclesiae
1143 641 1212 703 par-

137 706 280 769 ticulares
290 708 330 768 de
339 725 466 769 numem
481 709 641 770 librorum
654 727 808 771 soenorum
820 708 953 769 nondmn
963 710 1209 778 consentiebant;

137 794 219 872 quod
229 795 340 854 minim
353 802 484 867 nonest,
496 802 560 856 tum
571 794 651 873 quod
662 795 799 856 Ecclesia
809 796 926 855 nullum
939 794 1038 855 adhuc
1053 795 1212 856 librorum

136 895 291 941 sacrorum
302 898 450 943 canonem
468 882 668 952 condidisset,
681 889 745 942 ttnn
756 882 838 959 quod
849 882 941 943 rnulto
958 881 1070 961 scripta
1084 882 1212 959 Aposto-

137 966 236 1027 lorum
254 967 293 1029 ad
312 968 463 1031 Ecclesiae
478 969 675 1048 particulares
693 969 832 1047 primitus
852 967 967 1029 directa
984 967 1124 1039 nument,
1145 985 1211 1044 quae

136 1053 266 1132 proinde
278 1061 340 1114 tom
350 1055 412 1115 cito
423 1055 456 1115 in
472 1055 611 1115 notitiam
626 1055 760 1115 omnium
772 1054 894 1115 omuino
904 1052 1108 1114 Ecclesiarum
1118 1054 1212 1134 porti·

136 1139 283 1202 cularitun
297 1141 460 1221 pervenire
471 1141 553 1202 haud
564 1149 719 1221 poterant,
738 1149 770 1202 et
789 1140 828 1201 de
844 1157 971 1218 quorum
984 1140 1210 1202 authenticitate

138 1244 174 1288 oc
183 1229 361 1290 auctoritate
370 1236 592 1306 consequenter
600 1228 822 1291 nondumeerto
833 1233 970 1287 constare
979 1229 1210 1305 poterat.S.Au·

136 1314 275 1393 gostinus
294 1322 395 1376 autem
410 1316 492 1394 (lib.
507 1315 736 1378 adsumptae
751 1315 926 1384 christiano,
943 1331 968 1373 c.
981 1312 1026 1390 8.)
1038 1313 1208 1390 praeclaram

138 1401 177 1464 de
188 1401 383 1464 admittendis
395 1403 493 1463 Sacris
503 1402 664 1481 scripturis
677 1401 769 1462 tradit
778 1402 926 1480 regulam.

173 1486 259 1549 Hanc
266 1485 436 1549 Concilium
445 1487 658 1548 Tridentinum
667 1494 802 1547 secutum
812 1492 868 1547 est.
879 1506 896 1542 «
906 1487 940 1544 ln
947 1483 1100 1546 canonicis
1113 1483 1209 1563 Scrip·

138 1574 256 1646 orturis,
269 1575 313 1634 ait
326 1575 511 1657 Augustinus
523 1572 654 1644 ibidem,
671 1573 873 1635 Ecclesiormn
893 1570 1108 1632 catholicarum
1122 1587 1209 1647 quam

138 1661 298 1738 »plurium
320 1661 527 1722 auctoritatem
547 1667 690 1737 sequatur
714 1657 935 1736 (christianus).
960 1657 1094 1717 Tenebit
1108 1656 1209 1732 itaque

138 1765 154 1802 u
167 1745 248 1807 hunc
263 1746 386 1807 modum
402 1748 435 1806 in
453 1746 609 1826 seripturis
624 1745 793 1815 canonicis,
812 1752 848 1805 ut
859 1761 926 1812 eas,
944 1759 1008 1820 oue
1024 1743 1061 1801 ol>
1082 1743 1210 1804 onradus

138 1832 305 1894 »Ecclcoit's
319 1834 510 1914 accdstaotur,
518 1839 674 1912 praeponot
684 1832 732 1904 iis,
749 1847 822 1910 quos
832 1830 965 1909 pecuda-m
977 1845 1038 1888 nou
1047 1829 1208 1908 accipiunt,

137 1918 200 1977 »in
216 1919 254 1982 iis
267 1936 357 1992 vero,
381 1938 449 1998 quoe
464 1936 527 1979 non
547 1919 737 1998 accipiuntur
757 1919 797 1978 ab
815 1917 969 1986 omuibus,
989 1921 1143 1993 praeponat
1161 1931 1211 1975 eas

137 2024 154 2060 o
168 2005 349 2084 quasplures
362 2006 563 2082 grauioresque
573 2003 727 2080 accipiunt
739 2004 792 2074 iis,
803 2019 876 2080 quos
887 2000 1046 2080 pauciores
1057 1999 1219 2059 minorisve

137 2108 155 2147 o
167 2092 350 2151 auctoritates
358 2089 617 2150 Ecclesioetenent.
632 2091 718 2148 Totus
729 2096 824 2148 autem
834 2088 933 2149 Cenon
945 2087 1166 2166 compturus-em,
1177 2088 1211 2147 iu

137 2194 155 2231 n
169 2192 228 2252 quo
240 2177 330 2236 istam
342 2174 617 2236 considerationem
629 2173 809 2234 versandam
822 2173 964 2244 (liumus,
978 2173 1027 2232 his
1038 2172 1125 2234 libris
1137 2190 1211 2233 eou-

138 2279 155 2317 n
168 2260 296 2323 tinetm;
311 2281 327 2317 a
340 2258 426 2320 addit
441 2258 514 2318 dein
528 2259 558 2317 S.
572 2258 757 2336 Augustinus
767 2259 923 2321 Cononem
934 2258 1096 2318 Librorum
1109 2274 1212 2318 socro-

136 2346 278 2423 rum‚qui
288 2344 704 2423 Conciliorumllipponensis
710 2351 741 2405 et
749 2344 1031 2423 Carthaginensium
1040 2345 1092 2423 (de
1102 2344 1211 2422 qrubus

137 2429 222 2507 mox)
233 2430 305 2502 luit,
318 2429 411 2507 etqui
423 2427 584 2490 conformis
599 2437 645 2490 est
661 2429 778 2490 Cononi
791 2430 982 2491 Tridentino.
998 2431 1095 2492 scivit
1108 2431 1210 2507 itaque

138 2514 168 2574 S.
179 2514 595 2593 AugustinusLibrossocros,
607 2515 1050 2591 quorumeumdcmCononem,
1061 2534 1096 2577 ac
1105 2525 1211 2595 posteo

137 2603 308 2666 Concilium
321 2605 407 2666 Trid.
418 2604 568 2678 condidit,
583 2623 600 2666 a
614 2606 750 2685 pluribus
761 2607 1010 2686 gravioribusque
1021 2608 1166 2669 Ecclesiis
1177 2613 1212 2668 ut

138 2694 299 2755 canonicos
308 2693 429 2754 haberis
443 2710 529 2755 sceus
544 2695 628 2755 enim
641 2693 710 2755 illos
719 2693 803 2774 juxta
815 2693 968 2775 propriam
978 2711 1063 2756 suam
1074 2695 1212 2776 regulam

137 2777 170 2839 in
179 2777 334 2840 Cononem
345 2796 407 2839 non
418 2779 596 2858 redegisset.

175 2866 224 2924 lo.
238 2863 315 2926 Cum
327 2866 465 2927 nonnulli
477 2865 517 2926 de
527 2866 1019 2929 librortnndeuterocanonicorum
1031 2865 1211 2930 auctoritate

138 2948 328 3024 dubitarent,
339 2952 510 3014 Concilium
520 2953 717 3032 Hipponense
727 2970 805 3014 anno
815 2954 870 3014 595
879 2953 1078 3024 celebratum,
1090 2960 1121 3015 et
1130 2952 1212 3015 Con-

139 3037 211 3097 cilia
226 3035 477 3117 Carthaginensia
489 3039 577 3100 aunis
592 3038 646 3099 597
660 3046 691 3099 et
701 3039 756 3100 tto
772 3039 892 3111 habito,
908 3039 1030 3100 eosdem
1050 3039 1158 3110 libros,
1173 3055 1210 3113 ae

138 3123 318 3185 Tridentino
348 3122 500 3201 Synodus,
521 3122 691 3185 Cononicos
713 3124 913 3187 declararunt.
940 3124 1109 3194 Concilium
1134 3142 1210 3187 vero

138 3209 377 3290 Carthaginense
405 3209 477 3270 anni
504 3208 559 3269 597
576 3207 699 3271 Conone
713 3210 750 3268 tr
767 3211 916 3275 rationem
930 3210 1061 3284 addidit,
1082 3210 1207 3274 dicens:

138 3296 198 3354 «A
212 3295 350 3356 Patribus
362 3295 419 3354 iota
432 3295 602 3372 occepimus
613 3295 646 3352 iu
656 3293 785 3354 ecclesio
800 3294 940 3372 legenda.
954 3316 972 3353 o

175 3382 225 3439 tl.
237 3381 267 3441 S.
279 3379 471 3439 Innocentius
483 3380 507 3436 l.
518 3379 555 3436 li.
566 3379 611 3448 Ρ,
622 3395 700 3439 anno
710 3379 775 3449 tut,
787 3380 927 3441 eumdem
940 3380 1100 3444 Librorum
1107 3398 1211 3444 saero-

138 3483 205 3527 rum
214 3463 384 3533 Cononem,
399 3463 452 3540 qui
461 3463 495 3521 in
504 3460 641 3525 Concilio
651 3463 832 3526 Tridentino
842 3467 1008 3545 reperitur,
1020 3469 1210 3548 transcripsit

139 3553 173 3613 in
183 3551 310 3632 epistola
319 3548 547 3627 adEruperium
557 3549 729 3629 episcopum
739 3550 933 3624 Toletonum,
943 3554 1122 3633 adjungens,
1133 3572 1166 3616 se
1177 3557 1208 3617 ei

139 3640 324 3722 respondero
337 3657 353 3693 κ
369 3637 442 3714 quid
450 3639 637 3715 sequendum
649 3639 699 3700 vel
709 3639 816 3702 docilis
825 3643 901 3702 rotio
911 3642 1065 3717 suaderet,
1076 3645 1126 3705 vel
1136 3663 1209 3707 auc·

140 3748 158 3785 o
174 3728 279 3789 toritas
305 3724 439 3786 lectione
471 3725 659 3799 ostenderet,
677 3725 734 3787 vel
760 3725 911 3789 Custodito
936 3730 1024 3791 seties
1049 3737 1208 3811 ternporum

140 3812 320 3891 »probaret
337 3833 354 3870 o

177 3897 228 3952 tt.
252 3898 389 3961 Gelasius
405 3898 442 3958 u.
459 3897 494 3958 P.
515 3898 549 3959 iu
563 3899 702 3962 Concilio
718 3901 854 3963 Romano
876 3917 955 3964 anno
975 3902 1032 3965 tot
1051 3902 1207 3967 celebrato

142 3981 265 4046 eosdem
284 3982 378 4047 libros
398 3991 432 4046 ut
454 3985 614 4049 canonicos
639 3989 804 4061 recensuit,
828 4007 902 4067 quos
928 3996 1034 4069 posteo
1053 3987 1209 4051 recensuit

141 4066 312 4136 Concilium
331 4069 553 4137 Tridentinum.
575 4072 621 4135 Ex
642 4072 752 4154 quom
771 4074 867 4155 liquet
889 4075 1024 4156 potiores
1039 4073 1207 4150 Ecclesiae,
