2708 4846
543 471 734 523 rabsaris.
1144 471 1178 521 rx

90 555 362 645 caeremoniae,
376 578 465 652 quas
474 555 1082 654 praescripsitfuerintinutileside
1093 553 1177 629 Hir·

89 691 137 740 co
151 666 376 754 Emissario,
394 669 439 742 de
452 666 757 756 circumcisione,
775 669 820 741 de
832 667 952 741 botho
963 665 1108 762 ejusque
1128 659 1177 737 fi-

89 774 219 863 liabus,
228 776 275 849 de
283 775 726 853 mendaciisobstetricum
737 777 1034 876 aegyptiacarum,
1045 778 1178 873 despo-

89 887 139 956 lio
151 885 370 984 aegyptiaco,
385 887 429 960 de
438 886 517 985 lege
528 887 701 960 Talionis.
717 889 817 961 Num
830 885 983 961 Hebraei
995 885 1177 979 reliquum

91 995 299 1070 humanum
324 1018 439 1093 genus
466 996 552 1071 odio
578 996 712 1072 babere
735 1022 759 1073 a
782 998 911 1094 Moyse
937 995 1057 1069 edocti
1082 994 1177 1067 sint?

91 1106 135 1177 de
150 1129 282 1193 usura,
305 1106 352 1180 de
370 1106 609 1203 occupatione
628 1107 804 1181 Chanaan
826 1119 863 1179 et
880 1104 1195 1186 exterminatione¹

90 1214 416 1303 Chananaeorum,
439 1218 485 1293 de
508 1241 605 1291 anno
630 1216 853 1303 sabbathioo,
877 1217 922 1291 de
948 1212 1038 1289 cibis
1060 1213 1179 1288 uetitis

88 1329 330 1415 Judaeorum,
349 1329 395 1402 de
410 1327 652 1402 immunditiis
668 1325 858 1426 legalibus,
879 1327 924 1399 de
940 1324 1106 1411 leviratu,
1130 1323 1176 1398 de
1262 1369 1267 1380 ·

88 1436 209 1510 libello
231 1438 394 1534 repudii,
417 1440 463 1512 de
484 1437 715 1532 jurejurando
736 1435 948 1535 purgatorio
968 1433 1090 1513 noris
1110 1457 1178 1507 su-

87 1559 240 1643 spsctae,
260 1549 306 1623 de
322 1549 545 1645 polygamia,
567 1549 613 1621 de
629 1548 786 1622 victimis
803 1545 973 1621 humanis
992 1567 1034 1618 ac
1052 1542 1176 1619 nomi-

86 1657 206 1730 natim
218 1659 264 1730 de
275 1655 453 1731 sacrificio
469 1658 583 1732 harei
595 1671 632 1732 et
646 1656 734 1735 liliae
749 1657 896 1754 Jephte,
915 1658 960 1730 de
971 1654 1111 1754 magia,
1128 1654 1177 1728 de

88 1767 344 1855 naturalismo,
358 1770 403 1842 de
418 1768 655 1843 naturalismo
669 1766 817 1855 biblico,
835 1781 907 1842 etc.

137 1877 267 1972 Capite
285 1877 395 1951 tertio
409 1880 458 1952 ad
478 1877 593 1952 libros
608 1877 746 1975 Moysis
766 1878 862 1950 inter
878 1876 948 1948 alia
968 1875 1106 1947 dissero
1126 1874 1173 1948 de

87 1984 363 2061 difficultatibus
380 2011 471 2081 quas
486 1989 623 2063 Deistae
638 1986 812 2082 objiciunt
828 1988 874 2060 de
889 1986 1016 2082 Moyse
1032 1984 1176 2086 impos-

89 2111 183 2182 tore,
200 2096 698 2171 desilentioetcontrarietate
710 2096 945 2190 antiquorum
953 2095 1175 2190 scriptorum

90 2196 333 2302 protanoinm
353 2210 472 2299 quoad
496 2208 592 2282 lacta
606 2207 830 2301 ⁸miraculosa
854 2204 1103 2291 Pentateuchi,
1130 2207 1175 2280 de

89 2316 359 2404 Praeadamitis,
374 2318 420 2391 de
437 2317 682 2415 Chronologia
692 2318 846 2413 Moysis,
861 2319 906 2390 de
917 2318 1087 2413 longaeva
1100 2317 1174 2389 Pa-

91 2425 339 2500 triarcharum
364 2439 472 2503 aetate
488 2440 525 2501 et
548 2428 687 2524 epocha
709 2451 838 2501 eorum
861 2425 1104 2522 paternitatis,
1129 2429 1174 2503 de
1251 2412 1258 2488 '.

91 2537 302 2611 fundatione
318 2560 536 2634 regnorum,
547 2539 592 2611 de
608 2539 815 2623 Palaestina,
831 2539 876 2610 de
889 2534 1111 2635 gigantibus,
1127 2538 1173 2613 de

92 2645 244 2731 diluvio,
268 2647 313 2720 de
338 2647 453 2744 plagis
474 2647 628 2744 AEgypti
650 2660 686 2719 et
710 2644 934 2719 mirabilibus
957 2648 1170 2744 Magorum,

93 2757 136 2827 de
154 2757 306 2828 transitu
325 2757 439 2829 maris
457 2754 594 2842 Rubri,
615 2758 660 2830 de
676 2756 788 2828 vitulo
808 2778 936 2842 aureo,
956 2757 1000 2831 de
1016 2779 1170 2843 manna,

93 2869 137 2939 de
150 2879 314 2962 serpente
333 2889 451 2953 aeneo,
467 2881 536 2939 etc.

140 2976 201 3047 Ad
216 2973 441 3049 difficultates
457 2974 541 3048 libri
552 2977 664 3050 Josue
677 2999 746 3075 ago
759 2975 803 3049 de
819 2975 974 3048 transitu
986 2976 1171 3064 iordanis,

94 3087 137 3156 de
150 3086 257 3157 ruina
271 3108 467 3158 murorum
480 3084 719 3172 Jerichuntis,
738 3087 782 3158 de
793 3084 916 3180 pluvia
930 3084 1108 3181 lapidum,
1124 3088 1171 3160 de

94 3196 242 3268 statione
258 3195 361 3281 solis,
372 3209 457 3280 etc.,
473 3208 578 3287 atque
591 3196 717 3268 eadem
732 3195 872 3266 ratione
884 3194 1044 3289 procedo
1056 3193 1175 3289 capite

95 3306 197 3377 tertio
209 3306 255 3379 ad
269 3306 358 3377 alios
374 3303 504 3377 Libros
516 3328 651 3378 sacros.
668 3303 867 3377 Occasione
883 3316 1003 3375 autem
1019 3299 1171 3376 difficul-

94 3429 208 3489 tatum
224 3415 431 3489 Deistarurn
447 3417 566 3488 resero
589 3413 887 3487 Acatholicorum
907 3413 1171 3487 nonnullorum
1321 3417 1325 3426 '

95 3549 135 3598 ac
152 3526 400 3621 Neologornm
412 3522 671 3620 improbandas
684 3523 895 3610 sententias,
914 3535 1022 3616 atque
1044 3540 1175 3601 carum'

93 3648 128 3707 et
145 3631 401 3709 difficultatum
427 3635 696 3730 propositarum
717 3631 911 3705 solutiones
931 3635 1051 3705 trado.
1077 3634 1172 3711 Cum

92 3758 215 3819 autem
229 3745 352 3818 allatae
372 3740 596 3819 difficultates
616 3763 674 3816 res
691 3743 873 3841 graviores
895 3756 930 3815 et
951 3737 1170 3820 difficiliores

92 3853 291 3930 Librorum
303 3877 492 3927 sacrorum
504 3844 718 3951 respiciant,
734 3853 921 3926 occasione
934 3876 1059 3925 earum
1076 3856 1170 3928 solu

63 3972 71 3985 '
92 3964 203 4039 tionis
224 3984 285 4038 res
306 3963 401 4059 ipsas
422 3964 605 4038 enucleavi
626 3977 661 4037 et
679 3965 895 4056 quandoque
913 3977 1017 4035 notas
1037 3963 1170 4057 adjeci,

92 4087 136 4153 ut
144 4075 193 4150 ita
207 4096 301 4176 opus
313 4095 438 4149 meum
450 4073 559 4147 simul
576 4073 669 4148 foret
684 4074 916 4173 exegeticum.
933 4070 1174 4148 Dilficultates
