2708 4846
424 462 622 540 'ursnoruu
640 489 837 543 soenorum
1127 495 1173 548 ur

120 604 122 623 ·
131 576 244 656 priora,
263 581 295 635 et
311 575 489 649 norissima,
505 579 619 657 scripta
637 582 755 643 suntin
770 574 844 643 lsbro
859 581 1007 644 Samuelis
1023 583 1172 658 videntis,

131 660 203 721 etin
220 660 295 722 lrbro
305 661 426 728 Nomou
451 665 624 744 prophetae,
637 673 727 744 atque
737 667 770 727 in
786 667 928 728 uolumine
945 669 1011 731 Gad
1028 669 1173 733 videntis.
1294 724 1301 747 ,

134 746 249 809 ''ernm
268 746 321 808 hic
339 754 439 810 textus
461 749 647 813 solummodo
669 749 819 830 significat
834 753 1005 816 Samuelem
1017 756 1173 834 scripsisse

120 831 209 895 brmn
228 833 268 895 de
283 834 534 913 gestisJDavidis
559 843 592 898 et
610 836 773 918 pmphetas
787 838 907 901 Nathan
926 847 958 903 et
974 840 1041 902 Gad
1058 842 1174 920 pariter

119 918 238 981 brosdo
256 921 295 981 iis
305 921 534 1000 conscripsisse;
547 939 608 983 non
625 924 707 985 enim
723 932 857 995 constat,
871 926 1001 1003 primrmr
1016 934 1048 989 ct
1064 945 1173 990 secun·

119 1005 291 1067 unrlibrum
311 1008 428 1088 Regum
442 1023 508 1068 esse
525 1007 594 1069 illos
609 1008 704 1069 libros
719 1024 737 1070 a
753 1009 910 1082 samuele,
925 1010 1043 1073 Nathan
1061 1020 1092 1074 et
1106 1013 1172 1077 Gad

119 1093 293 1170 nmpositos3
308 1093 398 1151 immo
408 1092 556 1182 potiusex
566 1094 653 1158 libris
662 1095 1039 1176 horumprophetarumab
1049 1107 1172 1164 auctore

119 1179 263 1240 neteriore
274 1178 405 1239 conlecti
415 1186 494 1239 sunt.

131 1276 500 1357 182.Quodauctorprimi
508 1278 1171 1360 etscoundiRegmnontuerttgestisooaevm

118 1362 242 1425 robatur

131 1447 162 1510 l⁰
175 1450 190 1510 1
209 1450 285 1529 Reg.
300 1449 335 1521 7,
349 1449 386 1510 td
398 1449 531 1528 legitur:
546 1470 563 1507 c
574 1450 737 1512 Judieabat
755 1451 877 1513 Samuel
894 1452 1037 1514 lsraelem
1052 1453 1171 1519 cunctis

122 1536 232 1599 diebus
242 1537 313 1597 vitae
323 1554 396 1598 suae.
408 1536 508 1613 »Qum
520 1538 655 1617 proiecto
666 1538 856 1600 Samuelnon
866 1539 996 1620 scripsit.

129 1624 162 1689 2⁰
184 1624 293 1703 llleg.
313 1623 333 1685 9
353 1625 496 1696 retertur,
515 1625 637 1686 Saulem
661 1626 866 1687 consulturum
886 1628 959 1688 iisse
982 1626 1173 1702 Samuelem}

117 1711 420 1789 ersuttpbsorvotur,
439 1711 521 1789 quod
531 1712 585 1790 qui
601 1712 675 1773 olim
687 1712 867 1793 prophetam
883 1714 1172 1800 consumpserat,

117 1800 212 1863 iceret
231 1818 239 1859 :
258 1799 369 1858 Eumae
382 1797 422 1859 od
441 1798 604 1868 Videntem3
620 1797 742 1859 additur
753 1806 854 1859 autem
866 1819 874 1856 ε
888 1799 946 1877 Qui
959 1799 1105 1878 Propheta
1122 1801 1169 1860 di-

117 1886 169 1947 itur
180 1882 281 1953 leodic,
297 1883 454 1944 nocebatur
465 1882 538 1941 olim
556 1883 673 1942 Videas.
693 1883 764 1943 dam
778 1899 854 1943 vero
867 1890 1005 1961 tempere
1021 1885 1170 1945 Samuelis
1254 1936 1257 1940 .
1342 1910 1351 1929 ι·

117 1969 246 2051 rnpbeta
263 1968 426 2030 vocabatur
439 1966 572 2040 Videns,
589 1974 622 2029 et
639 1975 744 2029 auctor
763 1969 996 2040 animadvertit,
1012 1969 1093 2048 quod
1115 1987 1168 2032 suo

117 2072 233 2138 rupere
246 2070 357 2115 nomen
370 2052 513 2114 videntis
523 2070 585 2114 non
600 2053 688 2116 sitin
699 2070 770 2127 usu,
784 2054 865 2115 hene
881 2070 955 2115 vero
972 2071 1084 2116 nomen
1095 2055 1170 2117 Pro·

117 2142 205 2205 betae.
219 2139 339 2201 Samuel
348 2138 475 2217 proinde
484 2136 621 2200 haecnon
630 2140 759 2219 scripsit.
769 2140 839 2201 Dici
848 2157 909 2201 non
919 2146 1034 2220 potest,
1043 2140 1170 2203 Esdram

116 2244 161 2299 ao
170 2242 228 2306 per
237 2224 432 2304 parenthesin
446 2224 527 2285 libro
536 2225 682 2288 samuelis
695 2224 857 2302 adJecisse3
870 2226 897 2288 si
910 2227 992 2288 enim
1001 2226 1060 2288 hoe
1074 2234 1168 2301 essct,

116 2314 232 2378 nlibro
252 2328 315 2372 non
335 2309 530 2372 adhiberetur
544 2317 607 2374 tam
626 2312 801 2391 frequenter
820 2329 880 2375 vox
900 2313 1071 2393 prophetoe,
1087 2322 1121 2375 ut
1133 2313 1167 2389 ὅ,

116 2401 146 2474 ⁰3
159 2401 214 2471 ld,
227 2398 324 2470 bete.

128 2488 162 2551 t·
172 2490 185 2550 l
194 2488 273 2566 lieg-
283 2485 337 2557 27,
349 2484 505 2558 fidicitur,
514 2486 596 2564 quod
607 2503 662 2548 rex
672 2487 766 2548 dehis
776 2485 896 2547 dederit
905 2486 1014 2550 Doridi
1023 2530 1032 2559 ,
1040 2485 1170 2566 fugienti

116 2574 233 2645 aldem,
244 2570 400 2634 civitatem
410 2568 550 2650 siceleg,
564 2578 596 2633 ct
606 2571 765 2634 adnotatur
774 2590 803 2628 :«
815 2573 1040 2650 Propterquam
1050 2589 1170 2635 causam

121 2662 204 2723 nce
217 2663 264 2721 est
282 2656 402 2736 siceleg
417 2673 522 2739 regum
532 2657 613 2720 Juda
622 2674 717 2736 usque
729 2657 761 2716 in
773 2655 849 2716 dcem
860 2655 944 2717 dere.
957 2675 975 2712 u
990 2657 1065 2716 llaec
1075 2659 1169 2719 scribi

115 2764 158 2811 m
183 2750 348 2827 potuerunt
372 2744 451 2817 nisi,
476 2743 603 2806 mortuis
626 2742 782 2822 prophetis
801 2739 920 2813 Nathan
943 2747 977 2802 et
1002 2740 1084 2814 Gad,
1101 2751 1169 2822 post

115 2832 225 2897 misina
234 2828 270 2889 lo
279 2829 426 2903 tribuum,
439 2831 558 2908 quando
569 2846 680 2891 nomen
693 2844 799 2906 regum
809 2825 889 2887 Juda
899 2825 1027 2904 incoepit
1037 2825 1085 2901 (n.
1102 2828 1167 2906 80).

132 2916 206 2977 ¹8³.
226 2916 291 2977 Neo
313 2922 417 2978 auctor
428 2916 513 2978 tertii
529 2921 561 2977 et
572 2915 670 2994 quarti
685 2914 757 2976 libri
776 2915 896 2995 Regum
903 2911 997 2976 rebus
1011 2913 1169 2993 omnibus,

114 3007 294 3087 μυωταὶ,
308 3007 355 3064 est
365 3019 483 3063 coaevus
490 3021 499 3072 ;
510 3017 581 3061 nam

134 3088 168 3152 Ρ
178 3088 220 3149 tv
230 3088 307 3168 Reg.
327 3106 354 3149 c.
368 3087 406 3151 23
422 3090 551 3149 retertur
567 3085 725 3165 captivitas
744 3083 940 3162 babylonica3
956 3097 1023 3158 quae
1034 3081 1170 3160 pluribus

114 3173 220 3243 seculis
231 3174 382 3254 posterior
401 3181 448 3237 cst
465 3172 561 3253 gestis
582 3170 725 3242 Davidis,
741 3169 894 3230 schismati
914 3168 951 3228 to
966 3166 1115 3239 tribuum,
1139 3177 1171 3232 et

114 3261 201 3327 nulus
211 3260 389 3330 aliistactis,
401 3277 469 3337 quae
480 3259 513 3318 in
524 3260 566 3318 lll
579 3264 611 3317 et
623 3258 665 3316 lV
675 3258 794 3335 Regum
803 3259 970 3315 narrantur.

131 3348 167 3411 Y·
178 3349 292 3411 Auctor
302 3346 433 3408 lectores
443 3343 551 3406 crebro
561 3342 689 3403 remittit
698 3342 737 3404 ad
749 3341 843 3401 libros
851 3339 1050 3419 antiquiores,
1062 3339 1170 3419 quibus

113 3450 165 3517 pre
174 3450 244 3496 usus
256 3438 315 3504 est,
327 3438 359 3492 et
374 3431 482 3509 quibus
495 3447 529 3492 se
541 3428 636 3490 multo
651 3428 852 3490 recentiorem
864 3425 1005 3488 ostendit.

133 3518 168 3583 b·
177 3518 404 3599 Quamplurima
420 3517 516 3579 verba
527 3515 683 3579 chaldaica
695 3520 855 3577 occurrunt
866 3514 899 3575 in
912 3512 996 3576 hisce
1010 3513 1112 3586 libris,
1124 3517 1172 3580 uti

113 3606 176 3685 tin
185 3605 309 3669 duobus
322 3602 582 3684 praecedentibus,
596 3617 664 3681 quae
676 3601 775 3663 ludaei
791 3599 912 3662 nonnisi
924 3607 1059 3680 tempore
1073 3603 1171 3682 capti·

113 3689 399 3773 ppusnmylonicae
413 3687 602 3767 adoptarunt.

116 3776 132 3853 J
208 3770 213 3779 '
253 3776 372 3838 rlibros
385 3774 540 3856 regumab
553 3792 612 3835 uno
626 3773 793 3850 eodemque
806 3769 1179 3839 auctore'exdocumentis'

246 3861 427 3941 compositos
447 3877 529 3930 esse,
552 3860 658 3922 eadem
674 3857 773 3937 quoad
790 3859 890 3921 omnia
903 3857 935 3917 in
947 3862 1072 3935 quatuor
1082 3857 1170 3924 libris

131 3962 134 3967 ·
227 3948 277 4021 ‘o,
288 3954 320 4009 et
333 3947 439 4009 eadem
457 3944 608 4008 succincta
620 3945 733 4022 ubique
743 3943 884 4005 narrandi
895 3942 988 4014 ratio,
1003 3947 1170 4021 presertim

164 4018 170 4029 ¹
185 4022 189 4029 ’
257 4033 422 4110 ‚evincere
434 4033 585 4095 videntur.
596 4032 675 4092 Num
686 4047 759 4092 vero
769 4028 929 4103 ieremias,
939 4026 990 4092 vel
1000 4027 1107 4096 Fsdras
1118 4032 1169 4099 vel

152 4110 243 4190 'iel
254 4136 360 4187 eorum
373 4121 412 4183 sit
421 4115 671 4195 succendemini
683 4133 745 4182 non
756 4120 866 4196 potest.
1019 4206 1047 4255 n
