2708 4846
399 477 592 528 ntnhottutt
609 478 809 529 sachoauu.
1100 480 1145 530 tat

63 566 211 632 nonnulla
236 567 319 628 illius
332 569 518 650 exemplaria
543 569 577 630 in
596 571 728 648 antiquis
748 568 946 633 bibliothecis
965 569 1148 635 deliteseat

63 655 225 734 ignoratur
239 652 260 712 ¹.

101 739 319 816 Antiquissima
341 739 441 800 Biblia
470 739 596 819 gallica,
621 755 689 816 quae
712 746 795 801 certo
813 746 932 810 extant,
970 742 1049 802 taeta
1077 747 1148 803 sunt

63 839 83 887 a
108 826 145 885 Ι).
168 824 293 901 Guyard
315 824 370 885 des
393 825 524 885 Moulins
547 823 705 885 sacerdote
728 824 810 884 eirea
827 840 938 885 annum
954 826 1041 896 latim
1066 828 1149 907 typis

63 908 205 970 mandata
216 910 337 969 luerunt
350 910 472 969 Parisiis
484 927 589 970 versus
606 925 717 969 annum
728 908 816 977 ttss,
830 910 849 969 2
863 910 921 969 vol.
942 910 1043 971 in-iol.

101 995 301 1056 Recentiores
319 998 476 1059 versiones
493 996 692 1074 gallicantum
705 994 734 1053 7ο
758 995 810 1055 illa
826 998 862 1056 D.
876 996 906 1055 le
920 997 1042 1058 Maistre
1060 1014 1148 1077 pres-

63 1077 166 1156 hyteri
178 1081 386 1160 Portusllegii
397 1081 408 1158 (
420 1081 632 1158 Port-iloyal),
645 1080 736 1158 vulgo
748 1081 871 1140 nomine
881 1081 957 1157 Saey
971 1082 1052 1151 noti,
1063 1081 1149 1158 juxta

63 1163 226 1243 vulgatam
238 1168 432 1234 concinnata,
446 1167 530 1227 Paris
540 1165 623 1236 7687,
636 1174 694 1227 ete.
705 1166 742 1225 52
756 1165 815 1224 vol.
827 1164 921 1235 in-8⁰,
933 1183 1002 1226 eum
1012 1168 1148 1245 expliea-

63 1249 199 1310 tionibus
211 1268 316 1312 sensus
332 1251 471 1313 litteralis
483 1259 514 1312 et
526 1250 691 1330 spiritualis
701 1267 718 1310 e
730 1250 782 1310 SS.
796 1250 935 1310 Patribus
946 1250 1146 1332 depromptis.

64 1334 197 1395 Maxima
210 1343 310 1395 autem
322 1353 425 1396 eertum
438 1354 507 1416 pars
518 1335 596 1396 taeta
615 1343 661 1396 est
671 1353 690 1396 a
701 1337 765 1395 ill).
777 1335 825 1394 Du
833 1333 941 1405 Fosse,
952 1337 1053 1407 liure,
1068 1345 1099 1398 et
1116 1338 1148 1400 le

64 1420 237 1481 Tourneux.
249 1423 324 1481 ilaee
336 1423 437 1482 versio
447 1440 464 1483 a
476 1424 513 1482 D.
526 1421 688 1482 Beaubrun
698 1428 834 1482 correcta
844 1421 958 1500 prodiit
969 1424 1053 1485 Paris
1062 1424 1147 1496 7777,

63 1503 156 1565 ὄνοΙ.
171 1506 581 1585 in-tol.1ldjeetumiuitrol.
597 1514 735 1584 quartana
747 1505 907 1566 continens
918 1506 1013 1568 libros
1023 1525 1150 1587 apocry-

63 1591 141 1672 phos
156 1592 269 1652 veteris
291 1592 442 1666 Foederis,
466 1593 579 1670 scripta
592 1593 739 1672 temporis
758 1591 932 1670 apostolici,
953 1596 1149 1671 praefationes

63 1675 324 1753 hieronymianas,
338 1676 565 1739 dissertationes
577 1679 609 1738 in
625 1679 810 1756 scripturam
822 1695 953 1748 sacram,
967 1688 1027 1739 ete.

104 1764 211 1823 versio
222 1765 259 1823 D.
269 1765 346 1841 Saey
356 1765 388 1823 in
399 1765 554 1824 nonnullis
563 1764 722 1841 recognita
731 1781 801 1824 eum
811 1764 949 1840 vulgate
962 1771 1045 1824 textu
1053 1764 1148 1826 latino

63 1848 201 1910 adhibita
216 1850 272 1909 tuit
283 1866 301 1909 a
313 1851 353 1911 el.
374 1851 543 1927 Augustino
556 1849 675 1912 Calmet
691 1849 806 1909 ordinis
823 1850 1102 1911 Sancti-Benedicti
1114 1853 1148 1913 in

63 1933 162 1994 doctis
179 1934 241 1995 suis
252 1934 487 1997 Commentariis
500 1934 662 1995 insensum
678 1933 843 1994 litteralem
862 1934 1025 2012 Scripturas
1037 1952 1147 2009 sacrae,

62 2019 158 2090 Paris,
173 2020 343 2091 7707-7776,
362 2021 400 2080 ll
414 2021 474 2080 vol.
489 2019 581 2080 ints.
601 2017 673 2096 Ejus
685 2018 896 2080 eruditissima
915 2021 1149 2085 Dissertatioues

62 2113 96 2166 et
108 2106 302 2167 Praeiationes
315 2104 549 2167 Commentariis
561 2106 698 2176 insertae,
712 2121 780 2181 quae
792 2105 951 2165 meliorem
963 2121 1069 2166 eorum
1081 2124 1149 2186 par·

62 2197 127 2251 tem
138 2191 338 2262 constituunt,
352 2209 422 2253 eum
436 2191 648 2253 novemdecim
662 2190 926 2253 dissertationibus
938 2192 1040 2264 novis,
1058 2210 1148 2272 sopa-

61 2279 154 2341 ratim
166 2279 245 2358 typis
256 2279 405 2340 mandatae
418 2279 549 2348 luerunt,
564 2278 657 2349 Paris,
671 2278 755 2348 7770,
774 2279 793 2338 2
809 2278 870 2339 vol.
887 2280 976 2340 in·!t⁰.

102 2361 150 2423 Cl.
164 2363 280 2428 Calmet
297 2365 329 2424 in
342 2364 403 2425 suis
417 2364 650 2427 Commentariis
662 2371 695 2424 et
715 2364 998 2435 Dissertationibus,
1020 2371 1097 2426 utet
1114 2367 1147 2426 in

61 2447 249 2510 Dietionario
263 2451 397 2520 Biblieo,
417 2449 598 2511 eruditionis
614 2466 703 2511 eausa
720 2450 823 2528 plures
838 2449 1075 2512 difficultatesah
1086 2451 1148 2511 ini·

61 2534 153 2594 micis
171 2533 286 2596 Christi
298 2553 378 2597 verte
399 2536 558 2613 religionis
581 2536 717 2610 objectas
737 2535 846 2605 retert,
870 2553 944 2611 quas
960 2537 1071 2596 erebro
1096 2543 1149 2597 aut

62 2618 235 2679 nullatenus
258 2627 309 2679 aut
331 2621 433 2680 obiter
456 2629 572 2680 tantum
590 2619 696 2687 solvit3
723 2633 817 2694 quare
837 2619 949 2677 Deist'e
974 2619 1149 2680 ultimorum

63 2710 235 2783 temporum
248 2722 284 2766 er
298 2706 442 2782 operibus
459 2704 497 2764 cl.
519 2704 639 2766 Calmet
650 2703 825 2779 frequenter
845 2719 926 2762 arina
943 2704 1087 2765 adversus
1098 2707 1151 2764 li·

62 2788 137 2850 bros
154 2806 254 2851 saeros
273 2791 541 2868 deprompserunt,
562 2786 773 2847 dittierdtatum
790 2787 1005 2857 solutionibus,
1028 2789 1149 2865 quando

63 2873 210 2946 aderant,
236 2874 340 2936 dolose
361 2874 487 2934 relictis.
503 2875 568 2933 lloe
592 2870 736 2948 equidem
753 2871 802 2930 vir
831 2872 1049 2934 eruditissimus
1068 2871 1149 2934 haud

61 2960 221 3037 prtevidit;
243 2967 274 3020 at
289 2959 454 3039 optandum
472 2965 553 3019 esset
569 2964 603 3015 ut
622 2972 775 3031 nunquam
792 2955 985 3020 difficultates
1005 2959 1151 3022 adversus

61 3046 174 3109 libros
186 3063 287 3106 saeros
300 3046 468 3114 retulisset,
482 3045 556 3121 quin
567 3058 618 3102 eas
630 3040 729 3101 solide
741 3040 885 3102 solveret.

99 3132 139 3188 D.
162 3129 284 3188 ltondet
300 3129 524 3190 commentaria
540 3127 579 3187 el.
600 3126 720 3189 &linet
733 3127 913 3186 abbreviata
925 3126 1038 3198 edidit,
1049 3129 1148 3201 Paris,

63 3213 240 3283 itta-troo,
255 3215 356 3275 ttvol.
371 3214 451 3274 indu
463 3214 520 3274 sub
533 3213 640 3273 titulo:
654 3213 752 3273 Salate
761 3211 843 3271 diliis
854 3228 889 3270 οη
902 3212 976 3272 lotio
987 3221 1013 3272 rt
1025 3213 1150 3290 etfron-

65 3301 148 3376 put's,
162 3317 230 3359 aveo
246 3300 296 3362 des
313 3309 411 3370 notes,
427 3298 639 3379 (immiseras,
653 3305 680 3358 et
695 3298 746 3360 des
763 3298 972 3358 dissertatione·
988 3300 1074 3379 Opus
1090 3299 1150 3360 hoe

63 3386 177 3464 passim
190 3394 314 3447 vocatur
327 3387 357 3447 le
366 3387 446 3448 stote
459 3386 494 3445 de
504 3385 594 3445 l’obbt
605 3384 640 3443 de
653 3386 762 3455 Verres,
777 3381 862 3461 eujus
873 3383 1026 3444 dumtaxat
1039 3383 1151 3461 aliqua

65 3470 295 3534 dissertationes
320 3474 352 3533 in
374 3492 411 3535 eo
437 3479 549 3534 extant.
575 3471 809 3532 Dissertationes
832 3486 868 3531 ae
893 3470 1086 3549 prefationes
1108 3469 1149 3532 el.

65 3554 186 3617 Calmet
205 3559 237 3619 in
256 3559 310 3619 illo
324 3562 450 3638 integrae
460 3566 587 3619 servatae
602 3564 685 3628 sulit,
707 3556 761 3618 sed
773 3555 942 3616 identidem
956 3563 1027 3616 sunt
1044 3571 1150 3634 reeog·

66 3643 156 3712 uitae,
170 3655 313 3706 eoireetae
328 3654 360 3705 et
371 3655 476 3706 aneta.
489 3644 712 3706 Commentario
721 3643 761 3704 el.
775 3642 893 3705 Calmet
903 3644 1052 3721 inparvas
1063 3648 1149 3703 notas

66 3727 190 3789 redacta
210 3742 295 3805 sunt,
313 3749 379 3809 quae
404 3732 584 3792 comitantur
599 3728 795 3808 Paraphrasin
819 3729 960 3807 gallicam
971 3730 1006 3788 P.
1025 3729 1064 3788 de
1077 3729 1147 3791 Car*

66 3812 173 3876 ridres.
186 3819 222 3877 D.
234 3819 470 3879 Rondetnovam
483 3815 571 3893 hujus
582 3817 683 3897 operis
689 3814 840 3893 recogniti
852 3822 884 3876 et
895 3815 976 3876 aucti
982 3815 1150 3876 editionem

66 3906 255 3992 procuravit,
270 3905 430 3983 Avignon,
441 3903 613 3974 77657775,
627 3904 663 3962 77
676 3902 737 3962 vol.
750 3901 841 3961 in-lt⁰.

105 3994 137 4055 2⁰
150 3992 333 4054 versionem
343 3993 380 4053 D.
394 3992 471 4069 sacy
483 3990 619 4067 sequitur
636 3989 755 4061 versio,
770 4005 825 4051 seu
843 3987 945 4068 potius
955 3986 1149 4068 paraphrasis

99 4099 183 4156 *vite
192 4105 227 4156 be
237 4105 318 4168 ung,
331 4096 505 4166 Bibliotbeqm
519 4097 623 4163 aute,
635 4101 655 4151 t.
667 4100 692 4149 2.
