<?xml version="1.0" encoding="UTF-8"?>
<!DOCTYPE html PUBLIC "-//W3C//DTD XHTML 1.0 Transitional//EN"
    "http://www.w3.org/TR/xhtml1/DTD/xhtml1-transitional.dtd">
<html xmlns="http://www.w3.org/1999/xhtml" xml:lang="en" lang="en">
 <head>
  <title>
</title>
<meta http-equiv="Content-Type" content="text/html;charset=utf-8" />
  <meta name='ocr-system' content='tesseract 3.04.00' />
  <meta name='ocr-capabilities' content='ocr_page ocr_carea ocr_par ocr_line ocrx_word'/>
</head>
<body>
  <div class='ocr_page' id='page_1' title='image "./hermeneuticasac00jansgoog_0470.png"; bbox 0 0 2708 4846; ppageno 0'>
   <div class='ocr_carea' id='block_1_1' title="bbox 534 439 1214 493">
    <p class='ocr_par' dir='ltr' id='par_1_1' title="bbox 534 439 1214 493">
     <span class='ocr_line' id='line_1_1' title="bbox 534 439 1214 493; baseline -0.013 0"><span class='ocrx_word' id='word_1_1' title='bbox 534 444 578 493; x_wconf 84' lang='lat' dir='ltr'><strong>bt</strong></span> <span class='ocrx_word' id='word_1_2' title='bbox 597 443 815 493; x_wconf 71' lang='lat' dir='ltr'>PALAESTIM.</span> <span class='ocrx_word' id='word_1_3' title='bbox 1166 439 1214 493; x_wconf 62' lang='lat' dir='ltr'><strong>m</strong></span> 
     </span>
    </p>
   </div>
   <div class='ocr_carea' id='block_1_2' title="bbox 134 525 1223 3168">
    <p class='ocr_par' dir='ltr' id='par_1_2' title="bbox 136 525 1212 699">
     <span class='ocr_line' id='line_1_2' title="bbox 136 525 1212 614; baseline -0.003 -19"><span class='ocrx_word' id='word_1_4' title='bbox 136 525 231 614; x_wconf 84' lang='lat' dir='ltr'><strong>pheth</strong></span> <span class='ocrx_word' id='word_1_5' title='bbox 243 544 364 608; x_wconf 76' lang='lat' dir='ltr'><strong>vocata,</strong></span> <span class='ocrx_word' id='word_1_6' title='bbox 379 537 507 599; x_wconf 75' lang='lat' dir='ltr'><strong>iurantes</strong></span> <span class='ocrx_word' id='word_1_7' title='bbox 523 536 606 598; x_wconf 87' lang='lat' dir='ltr'><strong>idolo</strong></span> <span class='ocrx_word' id='word_1_8' title='bbox 624 535 745 599; x_wconf 88' lang='lat' dir='ltr'><strong>biolocb</strong></span> <span class='ocrx_word' id='word_1_9' title='bbox 765 532 1020 597; x_wconf 70' lang='lat' dir='ltr'><strong>comburebantur</strong></span> <span class='ocrx_word' id='word_1_10' title='bbox 1031 534 1056 611; x_wconf 87' lang='lat' dir='ltr'><strong>(l</strong></span> <span class='ocrx_word' id='word_1_11' title='bbox 1073 533 1151 613; x_wconf 75' lang='lat' dir='ltr'><strong>Reg.</strong></span> <span class='ocrx_word' id='word_1_12' title='bbox 1164 532 1212 606; x_wconf 72' lang='lat'><strong>23,</strong></span> 
     </span>
     <span class='ocr_line' id='line_1_3' title="bbox 137 622 848 699; baseline -0.008 -16"><span class='ocrx_word' id='word_1_13' title='bbox 137 622 182 683; x_wconf 90' lang='lat' dir='ltr'><strong>l0.</strong></span> <span class='ocrx_word' id='word_1_14' title='bbox 198 623 313 683; x_wconf 88' lang='lat' dir='ltr'><strong>Jerem.</strong></span> <span class='ocrx_word' id='word_1_15' title='bbox 327 622 356 695; x_wconf 83' lang='grc'><strong>7,</strong></span> <span class='ocrx_word' id='word_1_16' title='bbox 367 622 426 699; x_wconf 70' lang='lat' dir='ltr'><strong>bl).</strong></span> <span class='ocrx_word' id='word_1_17' title='bbox 843 670 848 677; x_wconf 92' lang='lat'>.</span> 
     </span>
    </p>

    <p class='ocr_par' dir='ltr' id='par_1_3' title="bbox 134 705 1217 1114">
     <span class='ocr_line' id='line_1_4' title="bbox 176 705 1215 789; baseline -0.005 -20"><span class='ocrx_word' id='word_1_18' title='bbox 176 708 291 769; x_wconf 81' lang='lat' dir='ltr'><strong>lloloclr</strong></span> <span class='ocrx_word' id='word_1_19' title='bbox 311 706 460 789; x_wconf 78' lang='lat' dir='ltr'><strong>significat</strong></span> <span class='ocrx_word' id='word_1_20' title='bbox 478 727 586 789; x_wconf 77' lang='lat' dir='ltr'><strong>repom,</strong></span> <span class='ocrx_word' id='word_1_21' title='bbox 608 715 640 769; x_wconf 91' lang='lat' dir='ltr'><strong>et</strong></span> <span class='ocrx_word' id='word_1_22' title='bbox 659 706 775 768; x_wconf 86' lang='lat' dir='ltr'><strong>idolum</strong></span> <span class='ocrx_word' id='word_1_23' title='bbox 796 706 1037 766; x_wconf 79' lang='lat' dir='ltr'><strong>Ammonitarum</strong></span> <span class='ocrx_word' id='word_1_24' title='bbox 1059 713 1136 766; x_wconf 89' lang='lat' dir='ltr'><strong>erat.</strong></span> <span class='ocrx_word' id='word_1_25' title='bbox 1155 705 1215 767; x_wconf 82' lang='lat' dir='ltr'><strong>Per</strong></span> 
     </span>
     <span class='ocr_line' id='line_1_5' title="bbox 135 790 1215 874; baseline -0.005 -20"><span class='ocrx_word' id='word_1_26' title='bbox 135 794 212 855; x_wconf 90' lang='lat' dir='ltr'><strong>illud</strong></span> <span class='ocrx_word' id='word_1_27' title='bbox 223 795 397 874; x_wconf 81' lang='lat' dir='ltr'><strong>intelligunt</strong></span> <span class='ocrx_word' id='word_1_28' title='bbox 409 795 460 856; x_wconf 90' lang='lat' dir='ltr'><strong>alii</strong></span> <span class='ocrx_word' id='word_1_29' title='bbox 472 796 647 865; x_wconf 75' lang='lat' dir='ltr'><strong>Saturnum,</strong></span> <span class='ocrx_word' id='word_1_30' title='bbox 661 792 710 854; x_wconf 89' lang='lat' dir='ltr'><strong>cui</strong></span> <span class='ocrx_word' id='word_1_31' title='bbox 720 799 823 853; x_wconf 90' lang='lat' dir='ltr'><strong>notum</strong></span> <span class='ocrx_word' id='word_1_32' title='bbox 837 799 883 853; x_wconf 86' lang='lat' dir='ltr'><strong>est</strong></span> <span class='ocrx_word' id='word_1_33' title='bbox 897 808 914 851; x_wconf 85' lang='lat' dir='ltr'><strong>a</strong></span> <span class='ocrx_word' id='word_1_34' title='bbox 928 790 1102 853; x_wconf 77' lang='lat' dir='ltr'><strong>Gentilibus</strong></span> <span class='ocrx_word' id='word_1_35' title='bbox 1116 790 1215 850; x_wconf 81' lang='lat' dir='ltr'><strong>iulan-</strong></span> 
     </span>
     <span class='ocr_line' id='line_1_6' title="bbox 135 873 1216 955; baseline -0.006 -15"><span class='ocrx_word' id='word_1_36' title='bbox 135 888 183 941; x_wconf 89' lang='lat' dir='ltr'><strong>tes</strong></span> <span class='ocrx_word' id='word_1_37' title='bbox 200 878 382 941; x_wconf 79' lang='lat' dir='ltr'><strong>sacrificulos</strong></span> <span class='ocrx_word' id='word_1_38' title='bbox 401 880 507 952; x_wconf 82' lang='lat' dir='ltr'><strong>luisse,</strong></span> <span class='ocrx_word' id='word_1_39' title='bbox 526 880 579 942; x_wconf 90' lang='lat' dir='ltr'><strong>alii</strong></span> <span class='ocrx_word' id='word_1_40' title='bbox 592 896 666 941; x_wconf 87' lang='lat' dir='ltr'><strong>vera</strong></span> <span class='ocrx_word' id='word_1_41' title='bbox 679 876 772 939; x_wconf 86' lang='lat' dir='ltr'><strong>aliurn</strong></span> <span class='ocrx_word' id='word_1_42' title='bbox 788 876 880 937; x_wconf 85' lang='lat' dir='ltr'><strong>(lcum</strong></span> <span class='ocrx_word' id='word_1_43' title='bbox 896 875 1084 955; x_wconf 75' lang='lat' dir='ltr'><strong>paganorum</strong></span> <span class='ocrx_word' id='word_1_44' title='bbox 1100 873 1216 936; x_wconf 88' lang='lat' dir='ltr'><strong>intelli·</strong></span> 
     </span>
     <span class='ocr_line' id='line_1_7' title="bbox 134 962 1217 1047; baseline -0.004 -21"><span class='ocrx_word' id='word_1_45' title='bbox 134 974 220 1047; x_wconf 73' lang='lat' dir='ltr'><strong>gunt.</strong></span> <span class='ocrx_word' id='word_1_46' title='bbox 241 965 288 1031; x_wconf 88' lang='lat' dir='ltr'><strong>Cl.</strong></span> <span class='ocrx_word' id='word_1_47' title='bbox 309 964 430 1031; x_wconf 84' lang='lat' dir='ltr'><strong>Calmet</strong></span> <span class='ocrx_word' id='word_1_48' title='bbox 450 967 602 1029; x_wconf 84' lang='lat' dir='ltr'><strong>existimat</strong></span> <span class='ocrx_word' id='word_1_49' title='bbox 628 964 751 1027; x_wconf 86' lang='lat' dir='ltr'><strong>bloloch</strong></span> <span class='ocrx_word' id='word_1_50' title='bbox 775 970 1008 1043; x_wconf 79' lang='lat' dir='ltr'><strong>rcpraescnmsse</strong></span> <span class='ocrx_word' id='word_1_51' title='bbox 1033 962 1137 1025; x_wconf 87' lang='lat' dir='ltr'><strong>Solem</strong></span> <span class='ocrx_word' id='word_1_52' title='bbox 1159 978 1217 1023; x_wconf 87' lang='lat' dir='ltr'><strong>scu</strong></span> 
     </span>
     <span class='ocr_line' id='line_1_8' title="bbox 135 1051 513 1114; baseline -0.005 0"><span class='ocrx_word' id='word_1_53' title='bbox 135 1051 305 1114; x_wconf 88' lang='lat' dir='ltr'><strong>Gentilium</strong></span> <span class='ocrx_word' id='word_1_54' title='bbox 321 1053 418 1113; x_wconf 87' lang='lat' dir='ltr'><strong>Deum</strong></span> <span class='ocrx_word' id='word_1_55' title='bbox 432 1052 513 1112; x_wconf 85' lang='lat' dir='ltr'><strong>eoeli.</strong></span> 
     </span>
    </p>

    <p class='ocr_par' dir='ltr' id='par_1_4' title="bbox 135 1132 1218 1811">
     <span class='ocr_line' id='line_1_9' title="bbox 173 1132 1216 1211; baseline -0.003 -15"><span class='ocrx_word' id='word_1_56' title='bbox 173 1135 271 1197; x_wconf 89' lang='lat' dir='ltr'><strong>Judaei</strong></span> <span class='ocrx_word' id='word_1_57' title='bbox 283 1134 377 1198; x_wconf 88' lang='lat' dir='ltr'><strong>cultui</strong></span> <span class='ocrx_word' id='word_1_58' title='bbox 389 1136 464 1198; x_wconf 91' lang='lat' dir='ltr'><strong>idoli</strong></span> <span class='ocrx_word' id='word_1_59' title='bbox 475 1136 596 1197; x_wconf 89' lang='lat' dir='ltr'><strong>llloloch</strong></span> <span class='ocrx_word' id='word_1_60' title='bbox 607 1136 703 1197; x_wconf 88' lang='lat' dir='ltr'><strong>dediti</strong></span> <span class='ocrx_word' id='word_1_61' title='bbox 714 1135 806 1196; x_wconf 83' lang='lat' dir='ltr'><strong>foisse</strong></span> <span class='ocrx_word' id='word_1_62' title='bbox 819 1134 961 1195; x_wconf 89' lang='lat' dir='ltr'><strong>videntur</strong></span> <span class='ocrx_word' id='word_1_63' title='bbox 971 1132 1033 1211; x_wconf 86' lang='lat' dir='ltr'><strong>jam</strong></span> <span class='ocrx_word' id='word_1_64' title='bbox 1046 1139 1116 1194; x_wconf 90' lang='lat' dir='ltr'><strong>ante</strong></span> <span class='ocrx_word' id='word_1_65' title='bbox 1127 1148 1216 1195; x_wconf 87' lang='lat' dir='ltr'><strong>suum</strong></span> 
     </span>
     <span class='ocr_line' id='line_1_10' title="bbox 136 1216 1216 1300; baseline -0.006 -17"><span class='ocrx_word' id='word_1_66' title='bbox 136 1237 290 1300; x_wconf 78' lang='lat' dir='ltr'><strong>egressum</strong></span> <span class='ocrx_word' id='word_1_67' title='bbox 313 1238 351 1280; x_wconf 82' lang='lat' dir='ltr'><strong>ox</strong></span> <span class='ocrx_word' id='word_1_68' title='bbox 374 1221 524 1300; x_wconf 74' lang='lat' dir='ltr'><strong>AEgypto,</strong></span> <span class='ocrx_word' id='word_1_69' title='bbox 548 1237 586 1281; x_wconf 92' lang='lat' dir='ltr'><strong>eo</strong></span> <span class='ocrx_word' id='word_1_70' title='bbox 611 1221 691 1298; x_wconf 88' lang='lat' dir='ltr'><strong>quod</strong></span> <span class='ocrx_word' id='word_1_71' title='bbox 715 1220 835 1298; x_wconf 83' lang='lat' dir='ltr'><strong>Moyses</strong></span> <span class='ocrx_word' id='word_1_72' title='bbox 856 1218 930 1297; x_wconf 89' lang='lat' dir='ltr'><strong>ipsis</strong></span> <span class='ocrx_word' id='word_1_73' title='bbox 955 1216 1216 1281; x_wconf 84' lang='lat' dir='ltr'><strong>consecrationem</strong></span> 
     </span>
     <span class='ocr_line' id='line_1_11' title="bbox 135 1302 1217 1385; baseline -0.004 -18"><span class='ocrx_word' id='word_1_74' title='bbox 135 1305 296 1367; x_wconf 78' lang='lat' dir='ltr'><strong>immotum</strong></span> <span class='ocrx_word' id='word_1_75' title='bbox 306 1304 344 1367; x_wconf 83' lang='lat' dir='ltr'><strong>ud</strong></span> <span class='ocrx_word' id='word_1_76' title='bbox 357 1302 416 1365; x_wconf 86' lang='lat' dir='ltr'><strong>hoc</strong></span> <span class='ocrx_word' id='word_1_77' title='bbox 426 1305 540 1366; x_wconf 86' lang='lat' dir='ltr'><strong>idolum</strong></span> <span class='ocrx_word' id='word_1_78' title='bbox 550 1305 606 1365; x_wconf 90' lang='lat' dir='ltr'><strong>sub</strong></span> <span class='ocrx_word' id='word_1_79' title='bbox 615 1305 723 1385; x_wconf 87' lang='lat' dir='ltr'><strong>capitis</strong></span> <span class='ocrx_word' id='word_1_80' title='bbox 732 1321 820 1385; x_wconf 79' lang='lat' dir='ltr'><strong>pona</strong></span> <span class='ocrx_word' id='word_1_81' title='bbox 833 1302 994 1383; x_wconf 90' lang='lat' dir='ltr'><strong>prohibet:</strong></span> <span class='ocrx_word' id='word_1_82' title='bbox 1009 1324 1025 1361; x_wconf 77' lang='lat' dir='ltr'><strong>a</strong></span> <span class='ocrx_word' id='word_1_83' title='bbox 1038 1304 1085 1365; x_wconf 85' lang='lat' dir='ltr'><strong>De</strong></span> <span class='ocrx_word' id='word_1_84' title='bbox 1096 1302 1217 1365; x_wconf 86' lang='lat' dir='ltr'><strong>semiue</strong></span> 
     </span>
     <span class='ocr_line' id='line_1_12' title="bbox 136 1385 1215 1467; baseline 0 -20"><span class='ocrx_word' id='word_1_85' title='bbox 136 1411 153 1447; x_wconf 84' lang='lat' dir='ltr'><strong>n</strong></span> <span class='ocrx_word' id='word_1_86' title='bbox 167 1398 235 1461; x_wconf 88' lang='lat' dir='ltr'><strong>tuo,</strong></span> <span class='ocrx_word' id='word_1_87' title='bbox 247 1390 306 1462; x_wconf 85' lang='lat' dir='ltr'><strong>ait,</strong></span> <span class='ocrx_word' id='word_1_88' title='bbox 316 1409 377 1452; x_wconf 89' lang='lat' dir='ltr'><strong>non</strong></span> <span class='ocrx_word' id='word_1_89' title='bbox 392 1389 494 1461; x_wconf 84' lang='lat' dir='ltr'><strong>(labis,</strong></span> <span class='ocrx_word' id='word_1_90' title='bbox 508 1397 541 1451; x_wconf 92' lang='lat' dir='ltr'><strong>ut</strong></span> <span class='ocrx_word' id='word_1_91' title='bbox 552 1397 747 1453; x_wconf 90' lang='lat' dir='ltr'><strong>consecretur</strong></span> <span class='ocrx_word' id='word_1_92' title='bbox 760 1389 842 1451; x_wconf 91' lang='lat' dir='ltr'><strong>idolo</strong></span> <span class='ocrx_word' id='word_1_93' title='bbox 855 1386 979 1451; x_wconf 86' lang='lat' dir='ltr'><strong>llloloch</strong></span> <span class='ocrx_word' id='word_1_94' title='bbox 992 1385 1079 1467; x_wconf 81' lang='lat' dir='ltr'><strong>(ber.</strong></span> <span class='ocrx_word' id='word_1_95' title='bbox 1095 1386 1141 1458; x_wconf 83' lang='grc'><strong>18,</strong></span> <span class='ocrx_word' id='word_1_96' title='bbox 1154 1386 1215 1464; x_wconf 72' lang='lat' dir='ltr'><strong>ib).</strong></span> 
     </span>
     <span class='ocr_line' id='line_1_13' title="bbox 136 1473 1217 1556; baseline -0.001 -20"><span class='ocrx_word' id='word_1_97' title='bbox 136 1478 199 1538; x_wconf 80' lang='lat' dir='ltr'><strong>»si</strong></span> <span class='ocrx_word' id='word_1_98' title='bbox 225 1479 293 1556; x_wconf 84' lang='lat' dir='ltr'><strong>quis</strong></span> <span class='ocrx_word' id='word_1_99' title='bbox 316 1477 437 1539; x_wconf 83' lang='lat' dir='ltr'><strong>dederit</strong></span> <span class='ocrx_word' id='word_1_100' title='bbox 453 1477 493 1539; x_wconf 88' lang='lat' dir='ltr'><strong>de</strong></span> <span class='ocrx_word' id='word_1_101' title='bbox 511 1477 627 1538; x_wconf 83' lang='lat' dir='ltr'><strong>semiue</strong></span> <span class='ocrx_word' id='word_1_102' title='bbox 644 1495 698 1539; x_wconf 88' lang='lat' dir='ltr'><strong>suo</strong></span> <span class='ocrx_word' id='word_1_103' title='bbox 713 1476 796 1539; x_wconf 90' lang='lat' dir='ltr'><strong>idolo</strong></span> <span class='ocrx_word' id='word_1_104' title='bbox 810 1475 933 1539; x_wconf 87' lang='lat' dir='ltr'><strong>blolocb</strong></span> <span class='ocrx_word' id='word_1_105' title='bbox 952 1483 1051 1537; x_wconf 90' lang='lat' dir='ltr'><strong>morte</strong></span> <span class='ocrx_word' id='word_1_106' title='bbox 1069 1473 1217 1536; x_wconf 85' lang='lat' dir='ltr'><strong>moriatur</strong></span> 
     </span>
     <span class='ocr_line' id='line_1_14' title="bbox 135 1560 1218 1641; baseline 0.001 -22"><span class='ocrx_word' id='word_1_107' title='bbox 135 1584 153 1619; x_wconf 75' lang='lat' dir='ltr'><strong>s</strong></span> <span class='ocrx_word' id='word_1_108' title='bbox 167 1562 253 1639; x_wconf 88' lang='lat' dir='ltr'><strong>(Lev.</strong></span> <span class='ocrx_word' id='word_1_109' title='bbox 264 1562 310 1633; x_wconf 73' lang='grc'><strong>11),</strong></span> <span class='ocrx_word' id='word_1_110' title='bbox 321 1562 361 1638; x_wconf 71' lang='grc'><strong>2).</strong></span> <span class='ocrx_word' id='word_1_111' title='bbox 376 1582 392 1618; x_wconf 83' lang='lat' dir='ltr'><strong>a</strong></span> <span class='ocrx_word' id='word_1_112' title='bbox 404 1561 554 1641; x_wconf 78' lang='lat' dir='ltr'><strong>Propheta</strong></span> <span class='ocrx_word' id='word_1_113' title='bbox 564 1564 657 1623; x_wconf 79' lang='lat' dir='ltr'><strong>Amos</strong></span> <span class='ocrx_word' id='word_1_114' title='bbox 666 1562 818 1624; x_wconf 78' lang='lat' dir='ltr'><strong>Judaeiszo</strong></span> <span class='ocrx_word' id='word_1_115' title='bbox 830 1562 984 1631; x_wconf 81' lang='lat' dir='ltr'><strong>Portastis,</strong></span> <span class='ocrx_word' id='word_1_116' title='bbox 995 1560 1104 1640; x_wconf 89' lang='lat' dir='ltr'><strong>iuquit,</strong></span> <span class='ocrx_word' id='word_1_117' title='bbox 1116 1560 1218 1623; x_wconf 87' lang='lat' dir='ltr'><strong>laber-</strong></span> 
     </span>
     <span class='ocr_line' id='line_1_15' title="bbox 136 1644 1218 1729; baseline 0.003 -25"><span class='ocrx_word' id='word_1_118' title='bbox 136 1649 306 1709; x_wconf 71' lang='lat' dir='ltr'><strong>inaurium</strong></span> <span class='ocrx_word' id='word_1_119' title='bbox 320 1646 441 1707; x_wconf 81' lang='lat' dir='ltr'><strong>bloloclr</strong></span> <span class='ocrx_word' id='word_1_120' title='bbox 459 1655 560 1709; x_wconf 87' lang='lat' dir='ltr'><strong>vestro</strong></span> <span class='ocrx_word' id='word_1_121' title='bbox 573 1648 611 1725; x_wconf 88' lang='lat' dir='ltr'><strong>(c.</strong></span> <span class='ocrx_word' id='word_1_122' title='bbox 626 1648 655 1717; x_wconf 82' lang='lat' dir='ltr'><strong>a,</strong></span> <span class='ocrx_word' id='word_1_123' title='bbox 670 1647 735 1729; x_wconf 75' lang='lat'>26);</span> <span class='ocrx_word' id='word_1_124' title='bbox 750 1669 766 1704; x_wconf 81' lang='lat' dir='ltr'><strong>u</strong></span> <span class='ocrx_word' id='word_1_125' title='bbox 780 1656 811 1709; x_wconf 89' lang='lat' dir='ltr'><strong>ct</strong></span> <span class='ocrx_word' id='word_1_126' title='bbox 830 1648 862 1709; x_wconf 89' lang='lat' dir='ltr'><strong>S.</strong></span> <span class='ocrx_word' id='word_1_127' title='bbox 873 1646 1043 1727; x_wconf 86' lang='lat' dir='ltr'><strong>Stephanus</strong></span> <span class='ocrx_word' id='word_1_128' title='bbox 1054 1664 1062 1705; x_wconf 91' lang='lat'>:</span> <span class='ocrx_word' id='word_1_129' title='bbox 1075 1665 1093 1702; x_wconf 85' lang='lat' dir='ltr'><strong>o</strong></span> <span class='ocrx_word' id='word_1_130' title='bbox 1106 1644 1218 1709; x_wconf 72' lang='lat' dir='ltr'><strong>siuce-</strong></span> 
     </span>
     <span class='ocr_line' id='line_1_16' title="bbox 136 1731 1138 1811; baseline 0.002 -23"><span class='ocrx_word' id='word_1_131' title='bbox 136 1753 154 1788; x_wconf 76' lang='lat' dir='ltr'><strong>s</strong></span> <span class='ocrx_word' id='word_1_132' title='bbox 166 1731 253 1811; x_wconf 87' lang='lat' dir='ltr'><strong>pistis</strong></span> <span class='ocrx_word' id='word_1_133' title='bbox 264 1731 490 1793; x_wconf 86' lang='lat' dir='ltr'><strong>tabernaculum</strong></span> <span class='ocrx_word' id='word_1_134' title='bbox 499 1733 620 1794; x_wconf 85' lang='lat' dir='ltr'><strong>Moloch</strong></span> <span class='ocrx_word' id='word_1_135' title='bbox 634 1732 717 1809; x_wconf 82' lang='lat' dir='ltr'><strong>(Act.</strong></span> <span class='ocrx_word' id='word_1_136' title='bbox 731 1734 760 1803; x_wconf 85' lang='lat'><strong>7,</strong></span> <span class='ocrx_word' id='word_1_137' title='bbox 772 1732 862 1805; x_wconf 72' lang='grc'><strong>15).»</strong></span> <span class='ocrx_word' id='word_1_138' title='bbox 1132 1754 1138 1761; x_wconf 93' lang='grc'><em>·</em></span> 
     </span>
    </p>

    <p class='ocr_par' dir='ltr' id='par_1_5' title="bbox 134 1815 1223 2149">
     <span class='ocr_line' id='line_1_17' title="bbox 173 1815 1217 1896; baseline -0.002 -18"><span class='ocrx_word' id='word_1_139' title='bbox 173 1818 485 1896; x_wconf 82' lang='lat' dir='ltr'><strong>Judaeosquaudoque</strong></span> <span class='ocrx_word' id='word_1_140' title='bbox 495 1819 702 1893; x_wconf 80' lang='lat' dir='ltr'><strong>suosinlautes</strong></span> <span class='ocrx_word' id='word_1_141' title='bbox 713 1819 904 1879; x_wconf 91' lang='lat' dir='ltr'><strong>inhonorem</strong></span> <span class='ocrx_word' id='word_1_142' title='bbox 916 1816 990 1877; x_wconf 88' lang='lat' dir='ltr'><strong>idoli</strong></span> <span class='ocrx_word' id='word_1_143' title='bbox 1000 1815 1123 1879; x_wconf 82' lang='lat' dir='ltr'><strong>Molocb</strong></span> <span class='ocrx_word' id='word_1_144' title='bbox 1135 1833 1217 1876; x_wconf 90' lang='lat' dir='ltr'><strong>com-</strong></span> 
     </span>
     <span class='ocr_line' id='line_1_18' title="bbox 134 1896 1218 1981; baseline 0 -18"><span class='ocrx_word' id='word_1_145' title='bbox 134 1902 266 1964; x_wconf 87' lang='lat' dir='ltr'><strong>bussisse</strong></span> <span class='ocrx_word' id='word_1_146' title='bbox 277 1919 313 1964; x_wconf 79' lang='lat' dir='ltr'><strong>ex</strong></span> <span class='ocrx_word' id='word_1_147' title='bbox 325 1904 372 1964; x_wconf 87' lang='lat' dir='ltr'><strong>Ps.</strong></span> <span class='ocrx_word' id='word_1_148' title='bbox 388 1902 453 1972; x_wconf 77' lang='lat' dir='ltr'><strong>tot,</strong></span> <span class='ocrx_word' id='word_1_149' title='bbox 466 1902 517 1972; x_wconf 80' lang='lat'><strong>57;</strong></span> <span class='ocrx_word' id='word_1_150' title='bbox 536 1900 646 1963; x_wconf 81' lang='lat' dir='ltr'><strong>Ezech.</strong></span> <span class='ocrx_word' id='word_1_151' title='bbox 663 1901 707 1972; x_wconf 83' lang='lat' dir='ltr'><strong>lb,</strong></span> <span class='ocrx_word' id='word_1_152' title='bbox 722 1903 775 1972; x_wconf 64' lang='lat' dir='ltr'><strong>um</strong></span> <span class='ocrx_word' id='word_1_153' title='bbox 788 1896 836 1971; x_wconf 74' lang='grc'><strong>93,</strong></span> <span class='ocrx_word' id='word_1_154' title='bbox 846 1901 1016 1979; x_wconf 79' lang='lat' dir='ltr'><strong>59‚liquet‚</strong></span> <span class='ocrx_word' id='word_1_155' title='bbox 1030 1900 1105 1962; x_wconf 90' lang='lat' dir='ltr'><strong>licet</strong></span> <span class='ocrx_word' id='word_1_156' title='bbox 1120 1917 1218 1981; x_wconf 82' lang='lat' dir='ltr'><strong>quan·</strong></span> 
     </span>
     <span class='ocr_line' id='line_1_19' title="bbox 135 1986 1223 2067; baseline -0.003 -19"><span class='ocrx_word' id='word_1_157' title='bbox 135 1986 236 2066; x_wconf 86' lang='lat' dir='ltr'><strong>doque</strong></span> <span class='ocrx_word' id='word_1_158' title='bbox 247 2005 299 2047; x_wconf 88' lang='lat' dir='ltr'><strong>eos</strong></span> <span class='ocrx_word' id='word_1_159' title='bbox 310 1986 496 2049; x_wconf 88' lang='lat' dir='ltr'><strong>solummodo</strong></span> <span class='ocrx_word' id='word_1_160' title='bbox 509 1986 675 2049; x_wconf 89' lang='lat' dir='ltr'><strong>lustrarent</strong></span> <span class='ocrx_word' id='word_1_161' title='bbox 689 2003 746 2067; x_wconf 88' lang='lat' dir='ltr'><strong>per</strong></span> <span class='ocrx_word' id='word_1_162' title='bbox 756 1987 860 2066; x_wconf 78' lang='lat' dir='ltr'><strong>ignem</strong></span> <span class='ocrx_word' id='word_1_163' title='bbox 870 1992 924 2047; x_wconf 85' lang='lat' dir='ltr'><strong>aut</strong></span> <span class='ocrx_word' id='word_1_164' title='bbox 936 1986 1148 2055; x_wconf 71' lang='lat' dir='ltr'><strong>transumens,</strong></span> <span class='ocrx_word' id='word_1_165' title='bbox 1160 2001 1223 2047; x_wconf 85' lang='lat' dir='ltr'><strong>ssu</strong></span> 
     </span>
     <span class='ocr_line' id='line_1_20' title="bbox 135 2071 509 2149; baseline -0.005 -15"><span class='ocrx_word' id='word_1_166' title='bbox 135 2088 190 2134; x_wconf 86' lang='lat' dir='ltr'><strong>suo</strong></span> <span class='ocrx_word' id='word_1_167' title='bbox 203 2071 292 2131; x_wconf 89' lang='lat' dir='ltr'><strong>modo</strong></span> <span class='ocrx_word' id='word_1_168' title='bbox 305 2071 509 2149; x_wconf 83' lang='lat' dir='ltr'><strong>purificarent.</strong></span> 
     </span>
    </p>

    <p class='ocr_par' dir='ltr' id='par_1_6' title="bbox 135 2152 1221 3168">
     <span class='ocr_line' id='line_1_21' title="bbox 174 2152 1215 2234; baseline -0.004 -15"><span class='ocrx_word' id='word_1_169' title='bbox 174 2156 306 2219; x_wconf 87' lang='lat' dir='ltr'><strong>lulautes</strong></span> <span class='ocrx_word' id='word_1_170' title='bbox 315 2157 404 2217; x_wconf 91' lang='lat' dir='ltr'><strong>modo</strong></span> <span class='ocrx_word' id='word_1_171' title='bbox 414 2156 555 2234; x_wconf 84' lang='lat' dir='ltr'><strong>sequenti</strong></span> <span class='ocrx_word' id='word_1_172' title='bbox 568 2154 650 2216; x_wconf 85' lang='lat' dir='ltr'><strong>idolo</strong></span> <span class='ocrx_word' id='word_1_173' title='bbox 662 2156 784 2218; x_wconf 86' lang='lat' dir='ltr'><strong>Moloch</strong></span> <span class='ocrx_word' id='word_1_174' title='bbox 793 2152 977 2217; x_wconf 85' lang='lat' dir='ltr'><strong>sacrificatus</strong></span> <span class='ocrx_word' id='word_1_175' title='bbox 987 2154 1079 2217; x_wconf 86' lang='lat' dir='ltr'><strong>luisse</strong></span> <span class='ocrx_word' id='word_1_176' title='bbox 1090 2152 1215 2219; x_wconf 87' lang='lat' dir='ltr'><strong>dicitur.</strong></span> 
     </span>
     <span class='ocr_line' id='line_1_22' title="bbox 136 2238 1215 2319; baseline -0.003 -15"><span class='ocrx_word' id='word_1_177' title='bbox 136 2242 324 2305; x_wconf 83' lang='lat' dir='ltr'><strong>statuaiooli</strong></span> <span class='ocrx_word' id='word_1_178' title='bbox 339 2241 534 2303; x_wconf 85' lang='lat' dir='ltr'><strong>blolochorat</strong></span> <span class='ocrx_word' id='word_1_179' title='bbox 546 2257 631 2303; x_wconf 82' lang='lat' dir='ltr'><strong>aenea</strong></span> <span class='ocrx_word' id='word_1_180' title='bbox 644 2247 776 2310; x_wconf 80' lang='lat' dir='ltr'><strong>stravo,</strong></span> <span class='ocrx_word' id='word_1_181' title='bbox 792 2239 917 2319; x_wconf 81' lang='lat' dir='ltr'><strong>ejusque</strong></span> <span class='ocrx_word' id='word_1_182' title='bbox 933 2238 1058 2301; x_wconf 87' lang='lat' dir='ltr'><strong>brachia</strong></span> <span class='ocrx_word' id='word_1_183' title='bbox 1073 2246 1215 2313; x_wconf 83' lang='lat' dir='ltr'><strong>extensa,</strong></span> 
     </span>
     <span class='ocr_line' id='line_1_23' title="bbox 136 2321 1218 2405; baseline -0.001 -19"><span class='ocrx_word' id='word_1_184' title='bbox 136 2343 241 2387; x_wconf 88' lang='lat' dir='ltr'><strong>versus</strong></span> <span class='ocrx_word' id='word_1_185' title='bbox 256 2333 366 2386; x_wconf 85' lang='lat' dir='ltr'><strong>terram</strong></span> <span class='ocrx_word' id='word_1_186' title='bbox 384 2324 528 2386; x_wconf 85' lang='lat' dir='ltr'><strong>inclinata</strong></span> <span class='ocrx_word' id='word_1_187' title='bbox 539 2331 634 2385; x_wconf 84' lang='lat' dir='ltr'><strong>erant.</strong></span> <span class='ocrx_word' id='word_1_188' title='bbox 646 2326 719 2405; x_wconf 75' lang='lat' dir='ltr'><strong>lgna</strong></span> <span class='ocrx_word' id='word_1_189' title='bbox 728 2324 855 2385; x_wconf 85' lang='lat' dir='ltr'><strong>interius</strong></span> <span class='ocrx_word' id='word_1_190' title='bbox 867 2322 998 2384; x_wconf 84' lang='lat' dir='ltr'><strong>excitato</strong></span> <span class='ocrx_word' id='word_1_191' title='bbox 1010 2328 1108 2384; x_wconf 83' lang='lat' dir='ltr'><strong>statua</strong></span> <span class='ocrx_word' id='word_1_192' title='bbox 1119 2321 1218 2385; x_wconf 79' lang='lat' dir='ltr'><strong>cales·</strong></span> 
     </span>
     <span class='ocr_line' id='line_1_24' title="bbox 137 2408 1217 2491; baseline -0.005 -18"><span class='ocrx_word' id='word_1_193' title='bbox 137 2413 241 2481; x_wconf 79' lang='lat' dir='ltr'><strong>cubat,</strong></span> <span class='ocrx_word' id='word_1_194' title='bbox 255 2421 286 2472; x_wconf 89' lang='lat' dir='ltr'><strong>ct</strong></span> <span class='ocrx_word' id='word_1_195' title='bbox 301 2414 378 2472; x_wconf 86' lang='lat' dir='ltr'><strong>alter</strong></span> <span class='ocrx_word' id='word_1_196' title='bbox 390 2412 470 2488; x_wconf 78' lang='lat' dir='ltr'><strong>iguis</strong></span> <span class='ocrx_word' id='word_1_197' title='bbox 479 2419 549 2473; x_wconf 87' lang='lat' dir='ltr'><strong>autc</strong></span> <span class='ocrx_word' id='word_1_198' title='bbox 562 2413 656 2491; x_wconf 82' lang='lat' dir='ltr'><strong>ipsam</strong></span> <span class='ocrx_word' id='word_1_199' title='bbox 668 2411 902 2474; x_wconf 79' lang='lat' dir='ltr'><strong>accendebatur.</strong></span> <span class='ocrx_word' id='word_1_200' title='bbox 916 2408 1016 2473; x_wconf 80' lang='lat' dir='ltr'><strong>iulans</strong></span> <span class='ocrx_word' id='word_1_201' title='bbox 1028 2408 1111 2473; x_wconf 89' lang='lat' dir='ltr'><strong>idolo</strong></span> <span class='ocrx_word' id='word_1_202' title='bbox 1121 2408 1217 2471; x_wconf 86' lang='lat' dir='ltr'><strong>sacri-</strong></span> 
     </span>
     <span class='ocr_line' id='line_1_25' title="bbox 137 2493 1218 2577; baseline -0.001 -19"><span class='ocrx_word' id='word_1_203' title='bbox 137 2497 270 2559; x_wconf 87' lang='lat' dir='ltr'><strong>ficandus</strong></span> <span class='ocrx_word' id='word_1_204' title='bbox 294 2498 426 2560; x_wconf 87' lang='lat' dir='ltr'><strong>brachiis</strong></span> <span class='ocrx_word' id='word_1_205' title='bbox 447 2506 553 2559; x_wconf 86' lang='lat' dir='ltr'><strong>statuae</strong></span> <span class='ocrx_word' id='word_1_206' title='bbox 570 2499 797 2577; x_wconf 84' lang='lat' dir='ltr'><strong>imponebatur,</strong></span> <span class='ocrx_word' id='word_1_207' title='bbox 822 2497 877 2558; x_wconf 88' lang='lat' dir='ltr'><strong>sed</strong></span> <span class='ocrx_word' id='word_1_208' title='bbox 898 2512 969 2557; x_wconf 83' lang='lat' dir='ltr'><strong>mox</strong></span> <span class='ocrx_word' id='word_1_209' title='bbox 990 2496 1024 2557; x_wconf 92' lang='lat' dir='ltr'><strong>in</strong></span> <span class='ocrx_word' id='word_1_210' title='bbox 1045 2493 1218 2573; x_wconf 83' lang='lat' dir='ltr'><strong>subjectum</strong></span> 
     </span>
     <span class='ocr_line' id='line_1_26' title="bbox 137 2576 1219 2661; baseline 0.002 -20"><span class='ocrx_word' id='word_1_211' title='bbox 137 2583 239 2660; x_wconf 76' lang='lat' dir='ltr'><strong>ignem</strong></span> <span class='ocrx_word' id='word_1_212' title='bbox 252 2593 375 2661; x_wconf 90' lang='lat' dir='ltr'><strong>propter</strong></span> <span class='ocrx_word' id='word_1_213' title='bbox 387 2583 511 2644; x_wconf 86' lang='lat' dir='ltr'><strong>ardores</strong></span> <span class='ocrx_word' id='word_1_214' title='bbox 518 2592 623 2642; x_wconf 75' lang='lat' dir='ltr'><strong>stature</strong></span> <span class='ocrx_word' id='word_1_215' title='bbox 632 2582 807 2649; x_wconf 85' lang='lat' dir='ltr'><strong>labebatur,</strong></span> <span class='ocrx_word' id='word_1_216' title='bbox 826 2581 859 2641; x_wconf 92' lang='lat' dir='ltr'><strong>in</strong></span> <span class='ocrx_word' id='word_1_217' title='bbox 872 2598 931 2659; x_wconf 89' lang='lat' dir='ltr'><strong>quo</strong></span> <span class='ocrx_word' id='word_1_218' title='bbox 940 2576 1109 2644; x_wconf 86' lang='lat' dir='ltr'><strong>horrendos</strong></span> <span class='ocrx_word' id='word_1_219' title='bbox 1120 2580 1219 2643; x_wconf 82' lang='lat' dir='ltr'><strong>edens</strong></span> 
     </span>
     <span class='ocr_line' id='line_1_27' title="bbox 137 2662 1221 2728; baseline 0 -1"><span class='ocrx_word' id='word_1_220' title='bbox 137 2668 283 2727; x_wconf 87' lang='lat' dir='ltr'><strong>clamores</strong></span> <span class='ocrx_word' id='word_1_221' title='bbox 297 2668 538 2728; x_wconf 82' lang='lat' dir='ltr'><strong>comburebatur.</strong></span> <span class='ocrx_word' id='word_1_222' title='bbox 555 2669 602 2727; x_wconf 69' lang='lat' dir='ltr'><strong>lte</strong></span> <span class='ocrx_word' id='word_1_223' title='bbox 616 2674 716 2727; x_wconf 87' lang='lat' dir='ltr'><strong>autem</strong></span> <span class='ocrx_word' id='word_1_224' title='bbox 727 2665 832 2724; x_wconf 87' lang='lat' dir='ltr'><strong>miseri</strong></span> <span class='ocrx_word' id='word_1_225' title='bbox 847 2662 970 2725; x_wconf 90' lang='lat' dir='ltr'><strong>inluntis</strong></span> <span class='ocrx_word' id='word_1_226' title='bbox 983 2664 1221 2727; x_wconf 76' lang='lat' dir='ltr'><strong>vociferationes</strong></span> 
     </span>
     <span class='ocr_line' id='line_1_28' title="bbox 137 2746 1218 2828; baseline -0.002 -17"><span class='ocrx_word' id='word_1_227' title='bbox 137 2769 171 2812; x_wconf 88' lang='lat' dir='ltr'><strong>ac</strong></span> <span class='ocrx_word' id='word_1_228' title='bbox 186 2759 334 2813; x_wconf 86' lang='lat' dir='ltr'><strong>tormenta</strong></span> <span class='ocrx_word' id='word_1_229' title='bbox 359 2758 544 2828; x_wconf 80' lang='lat' dir='ltr'><strong>spectatores</strong></span> <span class='ocrx_word' id='word_1_230' title='bbox 565 2757 808 2819; x_wconf 78' lang='lat' dir='ltr'><strong>commoverent,</strong></span> <span class='ocrx_word' id='word_1_231' title='bbox 828 2746 971 2827; x_wconf 87' lang='lat' dir='ltr'><strong>strepitus</strong></span> <span class='ocrx_word' id='word_1_232' title='bbox 995 2749 1136 2827; x_wconf 78' lang='lat' dir='ltr'><strong>ingentes</strong></span> <span class='ocrx_word' id='word_1_233' title='bbox 1156 2766 1218 2825; x_wconf 86' lang='lat' dir='ltr'><strong>opc</strong></span> 
     </span>
     <span class='ocr_line' id='line_1_29' title="bbox 136 2830 1219 2916; baseline -0.004 -19"><span class='ocrx_word' id='word_1_234' title='bbox 136 2848 347 2916; x_wconf 82' lang='lat' dir='ltr'><strong>tympanorum</strong></span> <span class='ocrx_word' id='word_1_235' title='bbox 364 2834 550 2910; x_wconf 86' lang='lat' dir='ltr'><strong>aliorumque</strong></span> <span class='ocrx_word' id='word_1_236' title='bbox 569 2834 835 2893; x_wconf 84' lang='lat' dir='ltr'><strong>instrumentorum</strong></span> <span class='ocrx_word' id='word_1_237' title='bbox 853 2830 1074 2893; x_wconf 84' lang='lat' dir='ltr'><strong>excitabantur.</strong></span> <span class='ocrx_word' id='word_1_238' title='bbox 1095 2832 1151 2893; x_wconf 84' lang='lat' dir='ltr'><strong>lias</strong></span> <span class='ocrx_word' id='word_1_239' title='bbox 1166 2832 1219 2893; x_wconf 89' lang='lat' dir='ltr'><strong>dl·</strong></span> 
     </span>
     <span class='ocr_line' id='line_1_30' title="bbox 136 2914 1217 2996; baseline -0.005 -13"><span class='ocrx_word' id='word_1_240' title='bbox 136 2931 246 2983; x_wconf 88' lang='lat' dir='ltr'><strong>cuntur</strong></span> <span class='ocrx_word' id='word_1_241' title='bbox 260 2922 350 2981; x_wconf 89' lang='lat' dir='ltr'><strong>luisse</strong></span> <span class='ocrx_word' id='word_1_242' title='bbox 363 2918 527 2980; x_wconf 84' lang='lat' dir='ltr'><strong>horribiles</strong></span> <span class='ocrx_word' id='word_1_243' title='bbox 540 2919 730 2979; x_wconf 83' lang='lat' dir='ltr'><strong>caeremoniae</strong></span> <span class='ocrx_word' id='word_1_244' title='bbox 744 2914 976 2989; x_wconf 68' lang='lat' dir='ltr'><strong>modiolorum,</strong></span> <span class='ocrx_word' id='word_1_245' title='bbox 989 2935 1057 2996; x_wconf 84' lang='lat' dir='ltr'><strong>quae</strong></span> <span class='ocrx_word' id='word_1_246' title='bbox 1069 2917 1170 2980; x_wconf 84' lang='lat' dir='ltr'><strong>Judaei</strong></span> <span class='ocrx_word' id='word_1_247' title='bbox 1183 2920 1217 2979; x_wconf 92' lang='lat' dir='ltr'><strong>ln</strong></span> 
     </span>
     <span class='ocr_line' id='line_1_31' title="bbox 136 3003 1219 3086; baseline -0.002 -18"><span class='ocrx_word' id='word_1_248' title='bbox 136 3008 284 3068; x_wconf 86' lang='lat' dir='ltr'><strong>bonorem</strong></span> <span class='ocrx_word' id='word_1_249' title='bbox 296 3005 374 3066; x_wconf 88' lang='lat' dir='ltr'><strong>idoli</strong></span> <span class='ocrx_word' id='word_1_250' title='bbox 386 3005 508 3066; x_wconf 88' lang='lat' dir='ltr'><strong>blolocb</strong></span> <span class='ocrx_word' id='word_1_251' title='bbox 525 3005 558 3064; x_wconf 93' lang='lat' dir='ltr'><strong>iu</strong></span> <span class='ocrx_word' id='word_1_252' title='bbox 570 3004 650 3065; x_wconf 84' lang='lat' dir='ltr'><strong>valle</strong></span> <span class='ocrx_word' id='word_1_253' title='bbox 659 3003 802 3083; x_wconf 88' lang='lat' dir='ltr'><strong>Topbelb</strong></span> <span class='ocrx_word' id='word_1_254' title='bbox 810 3005 1001 3083; x_wconf 75' lang='lat' dir='ltr'><strong>peragebuut</strong></span> <span class='ocrx_word' id='word_1_255' title='bbox 1014 3003 1037 3065; x_wconf 89' lang='lat'><strong>¹.</strong></span> <span class='ocrx_word' id='word_1_256' title='bbox 1051 3006 1120 3066; x_wconf 83' lang='lat' dir='ltr'><strong>Vox</strong></span> <span class='ocrx_word' id='word_1_257' title='bbox 1136 3005 1219 3086; x_wconf 70' lang='lat' dir='ltr'><strong>Topk</strong></span> 
     </span>
     <span class='ocr_line' id='line_1_32' title="bbox 135 3087 646 3168; baseline -0.006 -15"><span class='ocrx_word' id='word_1_258' title='bbox 135 3091 283 3153; x_wconf 86' lang='lat' dir='ltr'><strong>hebraice</strong></span> <span class='ocrx_word' id='word_1_259' title='bbox 301 3097 469 3167; x_wconf 74' lang='lat' dir='ltr'><strong>tympanum</strong></span> <span class='ocrx_word' id='word_1_260' title='bbox 486 3087 646 3168; x_wconf 76' lang='lat' dir='ltr'><strong>significat.</strong></span> 
     </span>
    </p>
   </div>
   <div class='ocr_carea' id='block_1_3' title="bbox 425 3220 925 3289">
    <p class='ocr_par' dir='ltr' id='par_1_7' title="bbox 425 3220 925 3289">
     <span class='ocr_line' id='line_1_33' title="bbox 425 3220 925 3289; baseline 0.01 -17"><span class='ocrx_word' id='word_1_261' title='bbox 425 3220 444 3289; x_wconf 53' lang='grc' dir='ltr'><strong><em>ἦ</em></strong></span> <span class='ocrx_word' id='word_1_262' title='bbox 458 3224 611 3273; x_wconf 74' lang='lat' dir='ltr'><strong>x.-silrac</strong></span> <span class='ocrx_word' id='word_1_263' title='bbox 623 3225 651 3275; x_wconf 89' lang='lat' dir='ltr'><strong>et</strong></span> <span class='ocrx_word' id='word_1_264' title='bbox 667 3224 765 3275; x_wconf 73' lang='lat' dir='ltr'><strong>deserto</strong></span> <span class='ocrx_word' id='word_1_265' title='bbox 780 3225 925 3277; x_wconf 63' lang='lat' dir='ltr'><strong>rubum.</strong></span> 
     </span>
    </p>
   </div>
   <div class='ocr_carea' id='block_1_4' title="bbox 137 3343 1221 4109">
    <p class='ocr_par' dir='ltr' id='par_1_8' title="bbox 137 3343 1221 3596">
     <span class='ocr_line' id='line_1_34' title="bbox 174 3343 1221 3425; baseline 0.01 -24"><span class='ocrx_word' id='word_1_266' title='bbox 174 3349 245 3402; x_wconf 75' lang='lat' dir='ltr'><strong>ott.</strong></span> <span class='ocrx_word' id='word_1_267' title='bbox 259 3347 407 3406; x_wconf 81' lang='lat' dir='ltr'><strong>Silvarum</strong></span> <span class='ocrx_word' id='word_1_268' title='bbox 418 3343 451 3406; x_wconf 90' lang='lat' dir='ltr'><strong>lit</strong></span> <span class='ocrx_word' id='word_1_269' title='bbox 460 3346 602 3425; x_wconf 84' lang='lat' dir='ltr'><strong>irequeus</strong></span> <span class='ocrx_word' id='word_1_270' title='bbox 613 3346 729 3406; x_wconf 89' lang='lat' dir='ltr'><strong>mentio</strong></span> <span class='ocrx_word' id='word_1_271' title='bbox 738 3345 770 3406; x_wconf 88' lang='lat' dir='ltr'><strong>iu</strong></span> <span class='ocrx_word' id='word_1_272' title='bbox 779 3344 888 3407; x_wconf 75' lang='lat' dir='ltr'><strong>bibliis</strong></span> <span class='ocrx_word' id='word_1_273' title='bbox 903 3346 1006 3410; x_wconf 80' lang='lat' dir='ltr'><strong>slcrlb.</strong></span> <span class='ocrx_word' id='word_1_274' title='bbox 1019 3345 1221 3411; x_wconf 70' lang='lat' dir='ltr'><strong>Gdebriortt</strong></span> 
     </span>
     <span class='ocr_line' id='line_1_35' title="bbox 137 3439 1013 3596; baseline 0.005 -22"><span class='ocrx_word' id='word_1_275' title='bbox 137 3448 212 3574; x_wconf 47' lang='lat' dir='ltr'><strong>vel?</strong></span> <span class='ocrx_word' id='word_1_276' title='bbox 221 3439 303 3579; x_wconf 52' lang='grc' dir='ltr'><strong>8811ἳὲ</strong></span> <span class='ocrx_word' id='word_1_277' title='bbox 319 3519 477 3580; x_wconf 73' lang='lat' dir='ltr'><strong>reticulum</strong></span> <span class='ocrx_word' id='word_1_278' title='bbox 491 3520 524 3579; x_wconf 85' lang='lat' dir='ltr'><strong>in</strong></span> <span class='ocrx_word' id='word_1_279' title='bbox 538 3525 642 3579; x_wconf 88' lang='lat' dir='ltr'><strong>monte</strong></span> <span class='ocrx_word' id='word_1_280' title='bbox 660 3516 777 3578; x_wconf 82' lang='lat' dir='ltr'><strong>Libano</strong></span> <span class='ocrx_word' id='word_1_281' title='bbox 785 3517 876 3596; x_wconf 82' lang='lat' dir='ltr'><strong>(cont.</strong></span> <span class='ocrx_word' id='word_1_282' title='bbox 891 3534 922 3577; x_wconf 92' lang='lat' dir='ltr'><strong>n.</strong></span> <span class='ocrx_word' id='word_1_283' title='bbox 932 3517 1013 3596; x_wconf 81' lang='grc'><strong>6111).</strong></span> 
     </span>
    </p>

    <p class='ocr_par' dir='ltr' id='par_1_9' title="bbox 174 3602 1127 3682">
     <span class='ocr_line' id='line_1_36' title="bbox 174 3602 1127 3682; baseline 0.003 -19"><span class='ocrx_word' id='word_1_284' title='bbox 174 3602 208 3663; x_wconf 77' lang='lat'><strong>2⁰</strong></span> <span class='ocrx_word' id='word_1_285' title='bbox 218 3605 300 3664; x_wconf 83' lang='lat' dir='ltr'><strong>Silvo</strong></span> <span class='ocrx_word' id='word_1_286' title='bbox 312 3605 452 3682; x_wconf 89' lang='lat' dir='ltr'><strong>pinorum</strong></span> <span class='ocrx_word' id='word_1_287' title='bbox 462 3622 498 3666; x_wconf 91' lang='lat' dir='ltr'><strong>uc</strong></span> <span class='ocrx_word' id='word_1_288' title='bbox 508 3605 641 3665; x_wconf 86' lang='lat' dir='ltr'><strong>abietum</strong></span> <span class='ocrx_word' id='word_1_289' title='bbox 651 3602 683 3662; x_wconf 91' lang='lat' dir='ltr'><strong>in</strong></span> <span class='ocrx_word' id='word_1_290' title='bbox 694 3608 799 3663; x_wconf 83' lang='lat' dir='ltr'><strong>monte</strong></span> <span class='ocrx_word' id='word_1_291' title='bbox 808 3603 988 3664; x_wconf 78' lang='lat' dir='ltr'><strong>Antilibano</strong></span> <span class='ocrx_word' id='word_1_292' title='bbox 997 3606 1039 3681; x_wconf 91' lang='lat' dir='ltr'><strong>(u.</strong></span> <span class='ocrx_word' id='word_1_293' title='bbox 1050 3604 1127 3681; x_wconf 83' lang='grc'><strong>6111).</strong></span> 
     </span>
    </p>

    <p class='ocr_par' dir='ltr' id='par_1_10' title="bbox 175 3688 1179 3771">
     <span class='ocr_line' id='line_1_37' title="bbox 175 3688 1179 3771; baseline 0.001 -22"><span class='ocrx_word' id='word_1_294' title='bbox 175 3688 298 3750; x_wconf 81' lang='lat' dir='ltr'><strong>5⁰silva</strong></span> <span class='ocrx_word' id='word_1_295' title='bbox 310 3708 474 3767; x_wconf 85' lang='lat' dir='ltr'><strong>quercuum</strong></span> <span class='ocrx_word' id='word_1_296' title='bbox 485 3693 515 3752; x_wconf 91' lang='lat' dir='ltr'><strong>in</strong></span> <span class='ocrx_word' id='word_1_297' title='bbox 529 3690 682 3751; x_wconf 88' lang='lat' dir='ltr'><strong>montibus</strong></span> <span class='ocrx_word' id='word_1_298' title='bbox 690 3691 786 3749; x_wconf 82' lang='lat' dir='ltr'><strong>Busan</strong></span> <span class='ocrx_word' id='word_1_299' title='bbox 798 3688 900 3764; x_wconf 82' lang='lat' dir='ltr'><strong>(zach.</strong></span> <span class='ocrx_word' id='word_1_300' title='bbox 917 3689 963 3756; x_wconf 88' lang='grc'><strong>11,</strong></span> <span class='ocrx_word' id='word_1_301' title='bbox 975 3690 1004 3761; x_wconf 78' lang='lat'><strong>2,</strong></span> <span class='ocrx_word' id='word_1_302' title='bbox 1019 3696 1090 3752; x_wconf 91' lang='lat' dir='ltr'><strong>etn.</strong></span> <span class='ocrx_word' id='word_1_303' title='bbox 1100 3690 1179 3771; x_wconf 77' lang='lat' dir='ltr'><strong>ott).</strong></span> 
     </span>
    </p>

    <p class='ocr_par' dir='ltr' id='par_1_11' title="bbox 138 3771 1220 4022">
     <span class='ocr_line' id='line_1_38' title="bbox 174 3771 1220 3853; baseline -0.001 -16"><span class='ocrx_word' id='word_1_304' title='bbox 174 3776 206 3836; x_wconf 75' lang='lat' dir='ltr'><strong>b&#39;</strong></span> <span class='ocrx_word' id='word_1_305' title='bbox 218 3777 300 3836; x_wconf 83' lang='lat' dir='ltr'><strong>Silva</strong></span> <span class='ocrx_word' id='word_1_306' title='bbox 319 3775 357 3837; x_wconf 84' lang='lat' dir='ltr'><strong>sd</strong></span> <span class='ocrx_word' id='word_1_307' title='bbox 375 3773 506 3837; x_wconf 85' lang='lat' dir='ltr'><strong>confinia</strong></span> <span class='ocrx_word' id='word_1_308' title='bbox 527 3775 661 3834; x_wconf 88' lang='lat' dir='ltr'><strong>tribuum</strong></span> <span class='ocrx_word' id='word_1_309' title='bbox 675 3774 755 3834; x_wconf 86' lang='lat' dir='ltr'><strong>Juda</strong></span> <span class='ocrx_word' id='word_1_310' title='bbox 775 3788 812 3833; x_wconf 90' lang='lat' dir='ltr'><strong>uc</strong></span> <span class='ocrx_word' id='word_1_311' title='bbox 831 3771 989 3851; x_wconf 76' lang='lat' dir='ltr'><strong>Beniamin</strong></span> <span class='ocrx_word' id='word_1_312' title='bbox 1008 3790 1104 3853; x_wconf 89' lang='lat' dir='ltr'><strong>prope</strong></span> <span class='ocrx_word' id='word_1_313' title='bbox 1125 3774 1220 3836; x_wconf 75' lang='lat' dir='ltr'><strong>naara</strong></span> 
     </span>
     <span class='ocr_line' id='line_1_39' title="bbox 138 3856 1218 4022; baseline 0.002 -102"><span class='ocrx_word' id='word_1_314' title='bbox 138 3862 256 4022; x_wconf 52' lang='grc' dir='ltr'><strong>ἱιὲὺῧιίι,</strong></span> <span class='ocrx_word' id='word_1_315' title='bbox 271 3879 338 3938; x_wconf 83' lang='lat' dir='ltr'><strong>quae</strong></span> <span class='ocrx_word' id='word_1_316' title='bbox 350 3860 420 3965; x_wconf 78' lang='lat' dir='ltr'><strong>ideo</strong></span> <span class='ocrx_word' id='word_1_317' title='bbox 438 3859 668 3930; x_wconf 74' lang='lat' dir='ltr'><strong>cariathiarim,</strong></span> <span class='ocrx_word' id='word_1_318' title='bbox 688 3874 744 3920; x_wconf 85' lang='lat' dir='ltr'><strong>seu</strong></span> <span class='ocrx_word' id='word_1_319' title='bbox 757 3856 827 3919; x_wconf 74' lang='lat' dir='ltr'><strong>tuba</strong></span> <span class='ocrx_word' id='word_1_320' title='bbox 840 3858 984 3919; x_wconf 71' lang='lat' dir='ltr'><strong>uiuumttt</strong></span> <span class='ocrx_word' id='word_1_321' title='bbox 998 3858 1112 3921; x_wconf 78' lang='lat' dir='ltr'><strong>dicitur</strong></span> <span class='ocrx_word' id='word_1_322' title='bbox 1127 3858 1218 3925; x_wconf 78' lang='lat' dir='ltr'><strong>(lot.</strong></span> 
     </span>
    </p>

    <p class='ocr_par' dir='ltr' id='par_1_12' title="bbox 171 3991 792 4109">
     <span class='ocr_line' id='line_1_40' title="bbox 171 3991 792 4109; baseline -0.003 -6"><span class='ocrx_word' id='word_1_323' title='bbox 171 3991 253 4109; x_wconf 51' lang='lat' dir='ltr'><strong>:illc</strong></span> <span class='ocrx_word' id='word_1_324' title='bbox 268 4056 361 4107; x_wconf 68' lang='lat' dir='ltr'><strong>mmet</strong></span> <span class='ocrx_word' id='word_1_325' title='bbox 373 4056 439 4109; x_wconf 78' lang='lat' dir='ltr'><strong>btct</strong></span> <span class='ocrx_word' id='word_1_326' title='bbox 452 4056 484 4107; x_wconf 81' lang='lat' dir='ltr'><strong>tle</strong></span> <span class='ocrx_word' id='word_1_327' title='bbox 493 4056 517 4105; x_wconf 80' lang='lat' dir='ltr'><strong>lu</strong></span> <span class='ocrx_word' id='word_1_328' title='bbox 529 4054 600 4107; x_wconf 78' lang='lat' dir='ltr'><strong>tttot·</strong></span> <span class='ocrx_word' id='word_1_329' title='bbox 610 4054 657 4105; x_wconf 79' lang='lat' dir='ltr'><strong>ert</strong></span> <span class='ocrx_word' id='word_1_330' title='bbox 668 4049 792 4103; x_wconf 68' lang='lat' dir='ltr'><strong>iobbclk</strong></span> 
     </span>
    </p>
   </div>
   <div class='ocr_carea' id='block_1_5' title="bbox 0 0 1362 4846">
    <p class='ocr_par' dir='ltr' id='par_1_13' title="bbox 0 0 1362 4846">
     <span class='ocr_line' id='line_1_41' title="bbox 0 0 1362 4846; baseline 0 0"><span class='ocrx_word' id='word_1_331' title='bbox 0 0 1362 4846; x_wconf 95' lang='lat' dir='ltr'><strong> </strong></span> 
     </span>
    </p>
   </div>
  </div>
 </body>
</html>
