2708 4846
488 453 672 503 blenonltll
691 453 891 502 stcltonlttl.
1186 451 1232 503 tot

140 577 164 650 5.
180 583 222 631 ΙΧ.
237 605 268 619 -
283 582 379 632 'textus
389 582 489 631 Graecus
503 584 560 632 nori
576 583 686 632 poederis
699 582 781 644 quoad
792 581 964 631 substantialia
980 581 1060 632 adbuc
1076 581 1172 644 integer
1184 583 1230 632 est.

177 691 252 747 see.
271 688 393 750 Inlelici
415 690 549 749 omnium
566 690 808 769 apographorum
825 690 885 750 iato
905 697 1005 751 textus
1022 706 1138 768 graecus
1158 690 1232 752 novi

140 775 278 836 Foederis
294 775 460 852 antiquitus
475 775 508 835 in
528 776 621 836 variis
637 775 796 836 codicibus
812 775 893 835 haud
911 791 1017 855 parum
1027 777 1150 836 vitiatus
1163 774 1230 836 luit.

140 878 231 946 usam
242 869 335 932 istm,
357 860 496 939 Vulgaris
503 863 613 932 Editio,
626 862 689 939 iam
710 862 845 923 secundo
859 863 1004 923 Ecclesiae
1018 863 1131 923 saeculo
1145 864 1231 942 plura

139 949 254 1012 menda
265 954 473 1019 contraxerat,
487 956 521 1007 ut
533 949 676 1011 Clemens
687 948 778 1009 Alex.
794 956 825 1007 et
836 949 987 1026 Origenes
1000 956 1148 1008 testantur
1160 950 1186 1020 ¹,
1200 954 1233 1012 ot

132 992 175 1096 brt
186 1041 272 1113 patet
286 1050 324 1094 ex
340 1034 468 1094 testibus
485 1034 585 1094 citatis
601 1034 783 1112 scriptorum
799 1034 881 1093 illius
900 1033 957 1093 aevi
970 1034 1150 1111 comparatis
1163 1050 1233 1095 cum

141 1118 301 1182 codicibus
312 1117 419 1197 graccis
431 1117 577 1195 antiquis,
592 1135 661 1177 cum
671 1118 863 1179 versionibus
875 1117 977 1179 saeculi
988 1118 1104 1195 quarti,
1119 1125 1150 1178 et
1162 1135 1233 1180 cum

140 1205 278 1265 textibus
290 1203 390 1264 citatis
400 1203 523 1261 patrum
535 1204 749 1280 posteriorum.

177 1291 225 1349 Ex
251 1288 384 1366 genuino
409 1295 511 1347 autem
533 1288 701 1367 exemplari
723 1288 864 1366 vulgaris
893 1287 1039 1350 editionis
1056 1289 1089 1349 in
1114 1289 1233 1351 celebri

142 1374 252 1436 codice
261 1373 505 1451 cantabrigiensi
518 1374 623 1434 saeculi
632 1374 709 1434 sexti
722 1374 811 1434 nobis
821 1375 995 1447 adservato,
1010 1382 1100 1453 atque
1111 1393 1149 1435 ex
1161 1393 1233 1437 vers

140 1462 229 1521 sione
240 1461 358 1540 syriaca
370 1459 454 1520 dicto
472 1461 572 1521 codici
589 1462 720 1521 maxime
742 1461 835 1521 simili
848 1462 903 1522 sed
917 1462 971 1522 illo
990 1463 1092 1524 minus
1108 1462 1231 1531 vitiata,

141 1546 241 1625 liquet
268 1562 371 1607 causas
385 1546 553 1623 praecipuas
576 1546 756 1607 mendorum
777 1553 877 1608 textus
890 1548 999 1625 graeci,
1016 1548 1099 1607 salva
1111 1564 1233 1627 semper

141 1638 288 1692 manente
305 1632 369 1710 ejus
385 1632 567 1702 substantia,
588 1633 678 1694 luisse
696 1634 906 1712 expressiones
923 1634 1084 1702 clariores,
1099 1635 1233 1713 explica·

142 1718 259 1786 tiones,
270 1717 336 1777 loca
346 1717 491 1796 parallelo
502 1718 630 1778 aliorum
643 1715 1115 1795 Evangelistarumalectoribus
1130 1718 1232 1778 studio

144 1801 298 1863 reddendi
320 1802 429 1863 Libros
445 1821 546 1864 sacros
563 1803 718 1872 clariores,
736 1803 768 1862 in
783 1803 920 1879 margine
938 1802 988 1862 vel
1009 1819 1099 1880 supra
1118 1801 1235 1862 lineam

145 1887 307 1958 adnotata,
326 1906 394 1965 quie
411 1888 530 1949 deinde·
546 1890 585 1948 ab
607 1887 759 1965 imperitis
778 1886 828 1947 vel
850 1887 978 1948 incuriis
999 1887 1233 1950 amanuensibus

143 1972 245 2038 textui
260 1971 318 2051 ipsi
332 1973 445 2033 inserta
457 1973 589 2033 luerunt.

182 2056 287 2118 Medio
304 2064 405 2117 autem
423 2058 534 2117 saeculo
550 2057 640 2117 tertio
661 2055 827 2136 Origenes,
847 2055 1019 2136 Hesychius
1036 2062 1068 2117 et
1083 2057 1235 2119 Luciacus

144 2143 214 2205 haec
239 2144 350 2204 menda
373 2161 391 2203 e
415 2150 499 2204 textu
519 2161 635 2222 gracco,
663 2161 733 2204 eum
756 2144 930 2222 purioribus
953 2144 1237 2221 antiquioribusqne

145 2228 307 2289 codicibus
319 2228 428 2289 collato
451 2234 676 2306 expunxerunt,
690 2244 844 2305 novasque
860 2235 958 2289 textas
975 2230 1067 2307 grmci
1083 2228 1235 2292 editiones

147 2321 348 2385 exornarimt,
363 2332 430 2392 quac
440 2331 496 2392 por
506 2316 689 2393 AEgyptum,
702 2316 835 2392 Syriam,
849 2315 951 2374 Asiam
964 2315 1234 2385 minorem‚Tbra·

146 2400 244 2472 ciam,
258 2405 289 2458 et
302 2400 474 2478 provincias
483 2399 725 2477 palaestinenscs‚
738 2418 804 2479 quae
817 2408 887 2462 sunt
899 2401 1009 2462 mediae
1019 2403 1101 2461 inter
1113 2402 1235 2480 atEgyp-

145 2493 229 2557 tum,
255 2485 373 2564 Syriam
392 2503 427 2546 ac
450 2486 569 2558 Asiam,
591 2495 763 2566 propagatae
793 2488 929 2557 luerunt,
952 2495 1043 2564 atque
1068 2488 1111 2546 ita
1135 2493 1238 2548 textus

145 2586 266 2651 graecm
278 2577 445 2642 correctus,
460 2569 536 2632 iixus
548 2588 582 2631 ac
594 2572 655 2630 late
668 2571 879 2631 disseminatus
890 2571 956 2632 init.

186 2659 259 2724 tilla.
272 2657 419 2717 Successu
431 2664 532 2716 autem
543 2655 689 2733 temporis
703 2657 796 2723 etiam
804 2657 837 2715 in
846 2653 1142 2720 hasceroconsinnes
1150 2655 1234 2714 varia

147 2780 183 2830 tis
198 2779 325 2828 vocalibus
342 2779 386 2828 sed
401 2779 493 2840 absque
506 2778 664 2837 accentibus,
677 2778 807 2825 continent
818 2777 921 2838 insuper
932 2776 1073 2826 versionem
1084 2776 1147 2823 lxxx
1157 2775 1237 2824 rator-

147 2848 259 2910 prclum,
269 2848 398 2909 vulgatam
409 2847 522 2907 latinam,
532 2848 558 2895 et
565 2848 669 2907 bargum
680 2845 776 2894 Onieli.

180 2916 260 2964 biblia
269 2916 403 2976 polyglotta
412 2916 599 2976 Antverpiensia
608 2915 684 2962 etlam
696 2915 772 2974 liegia
781 2913 921 2973 nuncupata
931 2913 1001 2961 annis
1010 2913 1122 2972 lebeta,
1133 2912 1236 2960 curante

148 2985 184 3033 cl.
194 2985 252 3033 Aria
268 2985 381 3033 unumne
389 2984 453 3044 typis
465 2985 579 3032 mundata
590 2985 606 3035 8
616 2985 667 3036 vol.¹
677 2982 758 3030 insol.
771 2983 900 3031 continent
910 2984 1007 3036 textum
1019 2982 1154 3042 hebraeum,
1164 2982 1236 3040 iuxta

148 3052 287 3101 editionem
297 3054 492 3113 complutensem
504 3064 663 3111 expressum,
679 3051 780 3098 rnutatis
795 3051 894 3111 paucis,
906 3053 932 3098 et
943 3053 1062 3110 praeterea
1072 3052 1177 3111 'purgum
1189 3048 1237 3098 0n·

148 3119 359 3181 keintonatnams
369 3121 396 3171 tn
407 3121 550 3180 propbetas,
561 3120 606 3166 lob
615 3122 641 3166 ot
648 3118 757 3179 quinque
766 3119 892 3179 llegillotb
903 3131 935 3165 ex
947 3119 1122 3179 Bombergiana
1127 3117 1237 3167 editione

148 3189 272 3247 munda,
283 3188 422 3237 versionem
437 3189 500 3236 lixit
515 3187 695 3247 interpretum,
711 3188 786 3246 atque
796 3188 925 3245 vulgatam
940 3186 1052 3234 latinam.

179 3258 316 3317 polyglotta
335 3257 494 3314 parisiensia,
517 3256 589 3303 annis
605 3255 722 3313 torota,
734 3267 808 3314 opera
823 3257 852 3302 l).
865 3256 899 3303 Lo
913 3257 958 3315 lay
970 3255 1049 3315 edita,
1064 3255 1139 3303 9vol.
1154 3253 1236 3305 indoi-

149 3326 416 3387 compescuntur-qna
425 3327 482 3373 sunt
498 3326 524 3372 in
540 3324 683 3384 polyglottis
695 3324 932 3384 Antverpienslbus,
943 3324 969 3372 et
982 3324 1084 3384 insuper
1098 3325 1240 3377 versionem

149 3394 272 3456 syriacam
288 3392 415 3453 Pescblto,
429 3394 571 3442 versionem
585 3393 724 3452 arabicam,
740 3395 836 3440 textum
855 3393 1045 3453 samaritanum,
1062 3394 1088 3441 et
1099 3394 1238 3442 versionem

149 3463 335 3512 amaritanam.

179 3530 318 3590 polyglotta
326 3529 489 3579 tondlnensla
500 3541 563 3577 anno
572 3529 641 3589 loti,
650 3530 866 3591 cumebwallon,
875 3531 941 3591 typis
949 3531 1085 3580 mandatae
1095 3532 1142 3580 vol.
1155 3531 1237 3581 in·iol.

150 3599 282 3648 continent
295 3610 350 3657 quae
370 3599 457 3646 estam
477 3598 504 3644 in
520 3599 662 3658 polyglottis
679 3600 873 3658 parisiensibus,
889 3601 963 3660 alque
980 3604 1081 3659 insuper
1098 3601 1244 3652 versionem

149 3667 310 3727 atbiopleam
324 3666 437 3713 Psalteril
453 3668 479 3713 et
494 3667 602 3726 Cantici,
623 3680 652 3715 ac
664 3669 806 3715 versionem
820 3669 941 3726 persicam
959 3667 1129 3715 pentateuchi.
1146 3669 1239 3727 Hepta-

149 3735 247 3797 wion
264 3734 426 3795 mendatii-2
437 3736 487 3781 vot.
500 3734 581 3780 in-lol.
593 3735 623 3781 ad
635 3736 686 3783 baec
695 3736 829 3797 polyglotta
841 3736 946 3796 spectat.

181 3802 289 3864 Optima)
300 3801 423 3851 editiones
430 3803 515 3850 textus
526 3803 618 3849 hebraei
629 3803 734 3850 suntilln
743 3803 841 3850 liban.
850 3801 985 3850 iablonskii
994 3802 1181 3862 Berotlnitbpti,
1195 3802 1243 3860 illa

150 3870 184 3922 lt.
197 3870 254 3920 Van
269 3871 315 3919 der
329 3870 428 3931 iioogtit
439 3870 613 3918 Amstelodnml
630 3872 657 3918 et
672 3871 800 3929 pltrajeeti
813 3871 881 3918 llos.
893 3871 938 3918 ltla
954 3871 983 3918 b.
996 3870 1137 3919 liennlcottl
1149 3872 1238 3922 oxonii

151 3938 240 4001 lm„
249 3940 324 4001 atque
340 3939 424 3987 illati.
436 3938 501 3986 Jalan
512 3940 571 3986 tom.
583 3937 607 3999 t,
619 3939 730 3997 viennae,
742 3937 810 3986 loos.

183 4042 195 4086 ¹
208 4047 287 4099 Gom.
299 4046 371 4097 lllex.
381 4046 495 4097 Strornat.
507 4047 562 4095 Lib.
573 4046 598 4095 l.
607 4047 673 4108 orig.
683 4048 709 4096 in
722 4046 810 4096 llattlr.
