2708 4846
138 443 185 492 aas
536 439 582 487 nn
601 437 806 487 aunueuvra

138 531 317 614 simpliciter
336 531 558 612 responderunt
578 547 630 592 eas
648 531 681 591 in
697 536 782 590 textu
795 526 942 587 hebraico
960 540 1025 584 non
1044 524 1199 592 contineri;

137 627 183 681 ast
192 617 360 679 corumbac
368 618 400 677 iu
411 633 445 676 re
453 617 614 677 auctoritas
623 614 706 676 cedit
715 611 901 673 multitudini
911 611 1046 679 Petrum,
1059 609 1113 686 qui
1123 608 1201 672 hasce

137 702 536 785 partesdeutcrocanonieas
547 701 667 762 Danieli
679 699 912 778 adscripserunt.

153 828 156 832 -
180 790 329 851 adversus
340 788 431 849 hasce
442 795 543 868 partes
553 788 723 867 generatim
732 785 896 864 objicitur:

174 881 247 933 575.
264 878 296 937 si
311 877 372 935 illae
384 893 458 953 opus
467 876 633 954 genuinum
646 873 780 934 Danielis
795 877 908 940 esseut,
924 867 1203 948 synagoga-iudeo

136 978 204 1022 rum
215 963 305 1022 nobis
313 978 416 1023 earunn
425 968 541 1021 textum
552 959 760 1039 originarium,
769 957 947 1019 hebraicum
953 960 1005 1015 aut
1012 953 1203 1026 chaldaicum,

136 1048 361 1108 transmisisset.
1203 1043 1206 1053 '

178 1134 217 1192 ut
243 1132 320 1193 lorte
345 1131 486 1193 collectio
507 1124 690 1209 ‘scriptorum
717 1127 852 1189 Danielis
877 1125 1030 1206 completa
1055 1143 1119 1188 non
1143 1126 1204 1198 luit,

137 1217 257 1297 quando
287 1220 446 1297 Syragoga
477 1216 753 1295 Hierosolymitana
776 1215 830 1274 illa
852 1213 968 1277 Canoni
992 1215 1143 1286 insertut,
1164 1223 1206 1277 aut

137 1307 296 1385 synagoga
305 1302 559 1384 scriptaDanielis
568 1303 769 1373 abbreviavit,
780 1310 813 1362 ut
826 1318 930 1361 eorum
946 1318 1019 1362 usus
1030 1302 1206 1364 commodior

138 1399 229 1460 esset,
245 1391 320 1450 utita
341 1389 483 1450 collectio
501 1388 651 1468 completa
672 1388 853 1467 scriptorum
869 1386 1006 1446 Danielis
1027 1394 1099 1466 post
1115 1404 1206 1450 eorum

137 1477 320 1554 positionem
330 1476 363 1535 in
376 1476 500 1537 Canoue
510 1481 630 1554 reperta
646 1475 696 1544 sit,
716 1481 767 1535 aut
782 1490 844 1534 non
857 1472 1038 1534 abbreviata
1050 1473 1207 1557 cjvrsopou

137 1562 339 1622 remanserint
351 1561 433 1620 inter
444 1559 590 1640 plurimos
604 1559 728 1620 Judaeos
745 1567 831 1620 extra
846 1559 1038 1619 Palaestinam
1048 1563 1207 1640 prasertim

137 1643 320 1707 habitantes.
340 1648 461 1724 Integra
477 1644 545 1706 haec
561 1659 656 1724 opera
668 1644 804 1706 Danielis
820 1651 891 1706 ante
908 1644 1064 1707 Christum
1081 1655 1208 1710 natmna

137 1732 218 1792 Lxx
230 1732 459 1811 Interprctibus,
473 1738 583 1811 etpost
595 1731 660 1811 ejus
671 1730 861 1792 nativitatem
872 1731 921 1807 lab
934 1731 1062 1808 Aquila,
1081 1735 1208 1811 Symma-

138 1817 197 1877 cbo
210 1824 242 1877 et
250 1816 463 1877 Theodotione
476 1824 590 1879 etertu
601 1817 766 1897 originario
779 1818 811 1876 in
828 1817 964 1896 linguam
976 1833 1110 1896 graecam
1121 1828 1207 1882 trans·

137 1903 200 1965 lata
211 1911 296 1977 sunt,
309 1910 408 1964 textus
425 1911 526 1964 autem
537 1904 718 1982 originarius
729 1904 838 1964 sacculo
854 1904 944 1964 tertio
956 1904 1136 1984 deperditus
1145 1906 1205 1978 brit,

139 1997 171 2052 et
182 1991 254 2051 solae
265 1991 421 2051 versiones
434 2007 540 2068 graecae
549 1998 769 2053 remanserunt.

175 2074 288 2137 Contra
299 2074 447 2154 hymnum
455 2076 547 2135 trium
558 2093 722 2155 puerorum
734 2075 900 2137 adversarii
913 2087 1094 2155 opponuntr

175 2164 248 2219 376.
265 2161 424 2237 Quomodo
438 2161 587 2222 credibile
598 2170 659 2232 est,
676 2169 738 2223 tres
755 2163 829 2223 istos
842 2163 971 2241 juvenes
990 2164 1025 2224 in
1039 2166 1208 2228 fumosar-

139 2244 233 2306 dente
251 2253 349 2305 metro
364 2244 480 2314 lusisse,
497 2253 587 2322 atque
599 2263 704 2308 omnes
715 2254 866 2308 creaturas
881 2248 920 2308 ad
937 2247 1046 2311 laudes
1063 2250 1118 2313 Dei
1133 2251 1207 2312 invi·

139 2331 237 2389 tasse?
258 2328 415 2404 Quomodo
438 2330 546 2389 Daniel
560 2331 599 2406 (c.
619 2331 649 2402 ὅ,
666 2331 714 2408 58)
731 2333 866 2393 scribere
882 2335 997 2411 potuit,
1020 2336 1143 2400 Jrrdmos
1156 2354 1207 2398 nec

138 2415 298 2494 priempere
309 2414 556 2493 necpropbetom,
570 2423 641 2486 etc„
657 2425 721 2476 tum
743 2419 888 2496 temporis
900 2418 1037 2482 haberet
1048 2424 1119 2484 Non
1130 2424 1207 2504 igne

139 2512 207 2558 rare
231 2506 371 2641 ροῑξηῐ,
395 2516 503 2580 regem
526 2500 723 2574 Jechoniam,
747 2520 800 2575 sa,
826 2504 943 2565 Barueh
967 2513 1002 2567 et
1026 2508 1208 2573 Ezechielem
1247 2543 1252 2581 ;

140 2581 270 2642 existere
644 2588 648 2595 '
1008 2584 1021 2593 “

177 2669 233 2730 Ast
244 2686 305 2729 non
317 2676 379 2731 tres
389 2670 441 2732 isti
454 2671 582 2749 juvenes
594 2673 779 2752 scripserunt
791 2673 871 2736 bunc
882 2674 1032 2754 bymnum
1048 2677 1084 2740 in
1098 2678 1208 2743 tom

139 2755 278 2829 ardente,
291 2757 346 2817 sed
359 2759 466 2818 Daniel
481 2767 549 2836 post
563 2776 669 2820 eorum
680 2760 904 2823 liberationem.
917 2763 993 2842 Cap.
1009 2764 1041 2838 ὅ,
1056 2766 1107 2828 58.
1119 2768 1206 2846 Quas

138 2840 1207 2983 {ligffslt'detludaeambiHebroeitmnnecregem,neel’rophetam,ete,

202 2940 219 2983 e
242 2941 303 2986 an.

353 3064 372 3136 S
385 3069 495 3120 cxbvll.
503 3072 578 3120 -De
589 3072 691 3123 historia
703 3073 775 3122 castae
785 3073 914 3135 Susanna,
925 3088 947 3124 e.
960 3074 1007 3126 ¹3:

175 3200 250 3254 57⁷.
262 3199 398 3263 Susanna
413 3200 618 3280 pulcherrima
631 3211 663 3264 et
672 3205 843 3266 'castissima
855 3206 997 3268 ditissimi
1015 3208 1153 3275 Joahimi
1164 3212 1206 3275 ua

138 3283 251 3362 bylone
269 3285 395 3363 conjux,
412 3302 430 3345 a
449 3288 565 3350 duobus
583 3291 709 3369 impuris
727 3291 881 3371 judicibus
900 3300 991 3356 aetate
1012 3300 1206 3375 provocasti

137 3367 248 3429 balneo
269 3368 308 3429 ad
328 3370 510 3430 adulterium
522 3374 712 3446 sollicitatur,
730 3377 823 3455 quod,
841 3378 915 3440 iicet
927 3396 1036 3440 eorum
1053 3384 1206 3461 praevideal

138 3454 313 3527 vindictam,
330 3454 371 3515 ob
383 3457 524 3518 timorem
534 3459 592 3520 Dei
603 3469 730 3524 recusat.
744 3464 869 3527 Judices
884 3465 963 3527 hanc
974 3466 1205 3553 repulsampass'

138 3542 303 3601 Susannam
318 3541 412 3602 altera
425 3542 475 3604 die
493 3563 595 3606 coram
608 3550 719 3628 pupulo
733 3550 840 3615 Judaeo
854 3563 1053 3632 congregato,
1066 3565 1102 3618 ut
1112 3575 1131 3621 a
1141 3560 1203 3621 seir

139 3624 286 3685 adulterio
301 3625 533 3705 deprehensam,
547 3632 586 3693 ad
606 3642 736 3695 mortem
753 3636 965 3699 condemnant.
980 3636 1062 3701 Cum
1072 3643 1204 3706 innocent

138 3708 300 3771 duceretur
320 3711 359 3773 ad
381 3715 579 3793 supplicium,
594 3717 716 3797 juvenis
735 3722 880 3782 Daniele
900 3722 1012 3801 populo
1031 3726 1166 3799 obtinet,
1179 3736 1204 3787 ut

137 3811 249 3895 novum
262 3814 359 3859 causac
369 3799 518 3877 judicium
530 3804 709 3865 instituatur.
738 3809 904 3889 interrogat
920 3811 987 3888 ipse
1001 3819 1037 3873 ut
1045 3813 1141 3892 judex
1154 3815 1203 3897 pri·

138 3893 220 3940 mum
234 3882 369 3960 Judlcem
384 3887 561 3965 separatim,
575 3890 630 3952 sub
642 3908 703 3969 qua
724 3895 831 3955 arbore
851 3896 980 3974 pomarii
997 3897 1201 3963 Susannamiu

140 3963 287 4028 adulterio
313 3969 575 4049 deprehendisset.
594 3976 670 4038 Cum
687 3976 737 4039 bic
761 3981 983 4060 respondisset:
1002 3982 1049 4037 ὕπο
1057 4008 1148 4054 σχον,
1162 3984 1201 4049 ab

140 4048 407 4134 erbiaossentiseo),
417 4061 542 4123 inillum
551 4061 629 4126 hanc
639 4063 696 4127 lert
705 4069 905 4132 sententiam:
919 4079 1071 4146 imitere
1081 4093 1202 4153 θιωοχωι
