2716 4838
235 461 282 544 toa
517 468 560 520 nn
581 469 698 520 rnnro
714 464 759 517 er
777 460 1015 519 vensionrnos

235 567 340 628 Heber
353 567 433 626 inter
448 572 482 626 se
502 565 562 625 alio
579 565 725 625 idiomate
738 563 782 622 uti
798 563 946 640 potuisse3
961 566 1007 621 ast
1019 576 1073 620 eos
1084 557 1118 618 id
1130 556 1244 619 iecisse
1255 557 1322 619 nnl‘

232 651 289 714 libi
311 653 434 731 legitur.
448 651 604 712 Abraham
617 667 691 710 vero
704 649 736 710 in
748 647 893 733 Chaldaee
908 655 997 707 natus
1009 645 1105 724 (Gen.
1121 644 1198 724 ll),
1217 645 1271 723 qui
1286 646 1323 706 70

233 738 357 799 circiter
368 738 455 797 annis
464 736 497 796 in
506 738 552 796 Ur
565 735 780 799 Chaldaeorum
791 733 891 813 degit,
903 743 936 794 et
947 739 1053 814 postea
1061 733 1095 791 in
1108 733 1214 792 Haran
1225 731 1322 793 Meso·

233 824 372 902 potamiae
385 823 463 882 urbe
475 822 553 883 vixit
561 819 675 900 (lbid.)
688 821 793 899 lingue
803 820 939 899 regionis
949 817 1176 887 Chaldaeorum,
1188 831 1321 879 suormn-

233 927 293 987 que
313 909 460 986 majorum
477 909 613 988 protecto
631 908 749 968 locutus
763 914 819 967 est.
833 907 950 985 Lingua
962 911 1064 965 autem
1076 901 1322 966 Chaldaeorum

232 994 336 1075 lingua
346 995 485 1065 hebraee,
500 1011 589 1073 quam
598 993 753 1055 Abraham
764 993 796 1052 in
806 992 934 1072 regione
944 990 1090 1053 Chenaen
1100 988 1234 1061 didicit,
1245 1009 1321 1070 que»

233 1098 294 1160 que
308 1081 372 1160 ejus
384 1081 515 1159 posteris
524 1081 647 1160 propria
664 1079 776 1147 evasit,
788 1092 908 1155 semper
916 1076 1037 1137 diversa
1049 1076 1122 1147 mie
1136 1094 1211 1137 nam
1223 1077 1320 1138 huben

232 1166 272 1230 tle
285 1169 415 1249 posteris
426 1195 465 1226 m
474 1167 589 1236 Heber,
602 1165 654 1244 qui
666 1166 699 1225 in
715 1163 859 1226 Chaldaea
875 1162 1320 1242 remansit‚.Chaldaeommque

232 1251 368 1331 linguam
378 1253 527 1322 servavit,
541 1252 620 1313 Gen.
634 1251 686 1323 51,
697 1251 745 1322 tt,
756 1266 901 1310 acervum
912 1248 1048 1327 lepidum
1057 1247 1224 1311 chaldaice
1237 1257 1321 1311 voert

232 1336 581 1416 repar-Setataddutta,
595 1336 668 1398 dum
686 1334 800 1424 Jacob,
815 1333 867 1412 qui
886 1334 920 1395 in
937 1335 1064 1413 regione
1077 1326 1231 1395 Chanaen
1243 1351 1320 1396 eom·

232 1430 365 1485 moratus
376 1423 487 1494 luerat;
502 1424 667 1504 linguaque
683 1421 770 1485 istius
783 1422 920 1503 regionis
933 1422 1127 1499 loquebatur,
1148 1420 1254 1500 ipsum
1268 1421 1321 1483 lte·

232 1506 494 1589 braicenuncupet
503 1508 645 1570 Galltued.
654 1506 1321 1588 Linguamchaldaicamseusyriacemahhe·
1337 1525 1341 1537 ·

232 1589 315 1655 braea
327 1594 478 1656 diversam
491 1597 655 1668 mansisse,
671 1604 756 1675 patet
768 1594 859 1655 ele
872 1595 949 1673 lieg.
966 1594 1017 1664 18,
1030 1591 1083 1665 eo,
1099 1593 1155 1654 uhi
1171 1587 1321 1656 Rahseees

230 1679 355 1758 jubetur
364 1681 449 1759 loqui
457 1681 615 1744 chaldaice
626 1699 681 1742 seu
687 1680 821 1759 syriace,
833 1697 875 1742 ne
887 1681 989 1742 tudaei
1001 1680 1088 1740 illum
1097 1679 1318 1760 intelligerent.

190 1788 194 1797 ¹
232 1765 345 1828 Confer
356 1770 442 1828 lsaiae
452 1769 505 1842 88,
519 1769 566 1828 11.
580 1769 725 1829 Jeremiae
738 1767 773 1839 5,
789 1768 824 1828 te
835 1775 867 1828 et
881 1767 1043 1829 Danielisl
1056 1811 1064 1838 ,
1077 1765 1145 1825 e-t.

269 1853 424 1915 Abraham
435 1855 545 1915 relicta
556 1854 699 1919 Chaldaee
708 1854 741 1914 in
754 1853 912 1932 regionem
921 1852 1065 1916 chanaan
1075 1851 1223 1925 secessit,
1235 1867 1318 1932 quam

232 1937 327 1999 aDeo
341 1938 401 1999 sihi
415 1941 605 2019 posterisque
624 1940 686 2002 suis
706 1939 860 2085 propriam
874 1937 940 1998 tore
957 1937 1063 1998 audiit.
1081 1936 1210 1999 Nullum
1222 1946 1320 2001 auten

232 2022 364 2085 suboriri
377 2033 477 2104 potest
493 2025 620 2087 dubium
637 2026 710 2104 quin
729 2027 757 2085 Α
780 2023 900 2094 raham,
919 2025 1061 2103 neglecta
1076 2020 1186 2104 lingna
1200 2042 1319 2087 suornm

231 2111 393 2190 majorum,
407 2113 542 2191 linguam
554 2112 794 2175 Chananaeornm
806 2128 861 2171 seu
873 2110 1054 2172 Phrenicum
1066 2110 1232 2183 didieerit3
1244 2128 1320 2192 que·

231 2195 892 2266 modoenimlttdannisinterilloshabitare,
904 2196 1318 2278 negotincmnetsperagere

231 2286 376 2346 mulieres
386 2285 507 2346 illorum
518 2286 645 2356 ducere,
657 2293 729 2357 etc,
742 2285 906 2366 potuisset?
919 2287 1002 2346 lsaac
1013 2293 1046 2345 et
1054 2283 1167 2358 Jacob,
1180 2285 1319 2366 ejuspoe

231 2371 305 2440 teri,
325 2372 378 2447 qui
392 2372 532 2431 eamdem
547 2372 707 2450 regionem
723 2371 930 2442 incoluerunt,
948 2371 1085 2452 prolecto
1103 2373 1246 2435 eamdem
1261 2373 1318 2434 lin-

231 2467 321 2529 guam
346 2455 521 2522 servarunt,
544 2470 613 2530 quse
638 2452 761 2511 illorum
786 2453 959 2532 posteritati
985 2455 1111 2534 propria
1137 2457 1267 2526 mansit,
1286 2464 1318 2516 et

231 2534 354 2599 hehraea
367 2546 474 2599 vocata
486 2538 543 2599 init
553 2555 659 2599 cnoro
670 2539 795 2599 nomine
811 2538 994 2610 Abrahami,
1009 2540 1062 2619 qui
1076 2543 1317 2605 transmissohu·

231 2623 338 2703 phrate
348 2621 686 2685 achannnaeisvocatus
696 2623 752 2684 tuit
765 2622 867 2692 chri,
890 2622 1053 2696 Transitor,
1066 2627 1151 2705 quod
1162 2627 1284 2689 veniret
1298 2642 1315 2688 e

231 2711 358 2789 regione
372 2718 454 2772 trans
470 2710 656 2790 Euphratem
668 2711 739 2781 site,
752 2727 789 2770 eo
805 2726 910 2783 sensu,
924 2730 983 2788 quo
996 2720 1145 2774 vocantur
1158 2710 1315 2777 Transma-

231 2796 291 2855 rini
314 2805 346 2857 et
368 2797 560 2875 Transalpini
570 2797 623 2875 qui
635 2798 714 2857 ultra
726 2813 810 2857 mare
825 2802 857 2856 et
869 2797 946 2857 ultra
960 2798 1054 2876 Alpes
1068 2797 1226 2860 habitent
1241 2802 1314 2861 ltine

231 2884 309 2942 Lxx
320 2887 505 2964 interpretes
519 2883 616 2962 (Gen.
631 2884 683 2954 tt,
699 2880 773 2960 15),
792 2883 847 2941 ubi
866 2884 1020 2944 Abraham
1033 2886 1133 2965 prima
1146 2887 1219 2948 viee
1231 2902 1314 2948 roce-

231 2976 280 3026 tur
293 2969 446 3038 liodricus,
467 2969 667 3032 reddiderunt
679 2986 735 3050 per
751 2984 899 3052 settim,
928 2967 1108 3045 veteteri,
1134 2970 1313 3052 Euphratem

231 3068 353 3132 nempe.
365 3053 450 3115 Idem
461 3055 536 3116 lecit
548 3055 687 3133 Aquila*.

261 3195 270 3216 ⁸
280 3197 373 3246 Nomen
383 3199 489 3259 liebraet
501 3199 566 3260 quod
577 3201 715 3248 Abrahamo
726 3195 828 3261 eiusque
837 3200 943 3262 posteris
955 3200 1039 3249 dotum
1054 3198 1104 3251 luit
1118 3215 1171 3252 nott
1187 3205 1312 3267 provenire

230 3265 261 3313 ub
272 3267 364 3328 tteter,
374 3275 403 3316 ut
416 3269 529 3316 nonnulli
540 3271 641 3329 rolant,
657 3271 740 3330 patet,
751 3271 816 3331 quod
827 3271 893 3318 inter
904 3271 986 3318 llehcr
997 3271 1023 3318 et
1032 3272 1159 3320 dhrnlmm
1171 3275 1218 3336 qni
1226 3275 1309 3338 prim

230 3334 349 3384 ltebraens
359 3336 439 3385 dictus
456 3337 505 3385 luit
516 3334 579 3398 (Gen
589 3337 627 3398 tt,
644 3337 694 3400 te),
708 3352 754 3387 sex
765 3338 936 3399 generationes
947 3341 1035 3400 elapsa
1047 3339 1161 3403 luerint3
1173 3346 1241 3394 nulla
1250 3344 1310 3394 enin

229 3405 337 3453 occurrit
345 3406 408 3454 ratio
419 3419 462 3453 cur
472 3405 593 3453 Abraham
604 3406 687 3467 potius
697 3419 787 3455 nomen
798 3424 837 3452 του
850 3409 933 3457 ileber
941 3421 1014 3469 quarn
1025 3409 1088 3457 illud
1099 3411 1139 3459 sui
1152 3414 1197 3462 ari
1210 3413 1309 3472 Mer,

229 3472 356 3534 eulpatris
365 3474 445 3522 l'lrnre
457 3473 639 3535 adsumpsisset.
651 3476 676 3522 Si
688 3489 778 3525 nomen
789 3476 894 3534 alicuius
904 3478 990 3525 remoti
1002 3491 1016 3524 e
1027 3478 1079 3525 suis
1092 3480 1234 3540 majoribus
1243 3480 1311 3544 sep

228 3541 283 3594 tlre
294 3543 424 3603 voluisset,
435 3545 547 3592 naturale
559 3543 645 3592 luisset
661 3547 689 3593 ut
700 3559 792 3593 nomen
808 3546 924 3605 elegisset
937 3562 977 3591 roo
990 3546 1062 3608 Sem,
1073 3550 1166 3610 utpote
1186 3552 1232 3615 qni
1246 3553 1311 3603 lsh'tts

228 3613 397 3676 generationis
407 3613 483 3674 stipes
494 3614 556 3661 erat.
640 3665 646 3677 N
981 3656 985 3671 ,

258 3683 321 3731 ilinc
332 3682 512 3742 Hieronymus:
524 3699 537 3724 α
549 3678 681 3743 Abraham,
692 3683 785 3744 inquit,
798 3684 924 3743 lictorem,
934 3685 1007 3733 idest
1016 3684 1117 3746 utpote<
1132 3689 1161 3737 et
1171 3692 1309 3753 peregrinas

230 3771 243 3795 a
253 3751 416 3812 transitorque
432 3751 572 3799 nominatur
584 3770 596 3792 a
608 3747 645 3812 (in
656 3752 779 3812 Ezechiel,
788 3765 810 3800 c.
820 3752 854 3812 t).
866 3754 945 3802 tullus
956 3753 1086 3803 Africanus
1096 3756 1129 3804 ab
1139 3759 1249 3808 Eusebio
1255 3759 1310 3808 citr-

229 3827 284 3871 tus:
295 3840 308 3864 «
321 3821 419 3869 llehraei
429 3820 505 3881 dicti,
516 3820 564 3879 ait,
575 3821 739 3881 transitores,
750 3822 807 3882 quin
821 3822 943 3870 Abraham
953 3823 1105 3884 Euphratem
1115 3827 1227 3877 transiit.
1238 3847 1252 3872 ι
1260 3828 1311 3876 ori·

229 3904 316 3950 genes:
329 3909 342 3931 «
354 3889 464 3949 Hebraei,
476 3889 566 3949 inquit
576 3889 620 3949 qui
631 3890 788 3950 exponuntur
799 3891 935 3950 trajectitit.
949 3910 961 3933 »
972 3891 1010 3952 (tn
1019 3893 1106 3942 trattn.
1119 3895 1185 3944 ltem
1195 3898 1265 3946 lieu.
1275 3898 1309 3957 19,

230 3960 256 4004 tn
266 3960 337 4007 Num.
349 3960 375 4007 et
384 3959 457 4006 ilem.
466 3959 506 4019 25,
519 3957 545 4004 in
556 3956 629 4018 Gen.)

259 4026 384 4075 Ltcotrox
396 4027 501 4075 heht-erra
509 4027 727 4087 sitantiquissima‚
740 4023 824 4088 lingua
833 4031 917 4078 tannen
926 4031 1067 4080 iudeorum
1076 4033 1221 4096 entithrs
1229 4035 1308 4085 rorate

231 4093 327 4143 ridetur
342 4095 451 4142 ludaico.
469 4098 496 4142 ut
514 4096 596 4144 elucet
607 4108 639 4143 ex
652 4095 682 4144 lv
695 4097 755 4158 lieg.
765 4098 803 4145 18.
812 4097 850 4156 ld,
861 4097 901 4146 28.
913 4099 933 4146 ll
944 4102 997 4149 Par.
1009 4100 1049 4162 32,
1062 4102 1132 4151 48.ss
1143 4105 1201 4154 Esd.
1218 4107 1256 4157 15.
1271 4104 1307 4152 Sl.
