2708 4846
138 123 186 179 tot
547 121 797 201 nolurnsnrrl

176 224 247 279 1111.
258 218 420 291 iliracnla,
443 233 511 299 qeae
529 218 564 281 in
579 219 707 283 historia
723 216 877 279 cheonis
888 216 900 294 (
911 232 939 278 c.
950 216 989 295 t)
1008 215 1152 299 leguntur
1165 215 1210 283 do·

138 310 262 391 angelo,
275 307 328 387 qrri
343 307 429 369 eibos
438 304 534 386 lapidi
552 306 707 387 impositos
725 304 844 365 admota
856 303 943 382 virga
961 304 1114 377 accendit,
1127 304 1200 369 etde

138 413 217 469 rore,
229 394 282 474 qui
292 394 325 453 in
337 392 464 466 vellere,
476 399 509 453 et
519 392 633 454 circum
646 391 744 454 vellus
755 398 892 471 repertus
902 389 967 461 brit,
981 396 1065 451 arete
1074 408 1201 455 cornert

138 491 208 545 suut
219 500 289 543 eum
300 480 426 541 historia
436 480 486 558 (c.
499 480 529 551 7,
544 479 616 540 1-8
627 479 656 556 ),
670 496 729 558 qua
745 480 875 539 retertur
891 479 989 538 Deum
998 478 1038 537 ad
1053 478 1203 541 debellau-

139 570 193 631 dos
205 570 383 630 bladianitas
396 574 491 629 toturn
508 567 674 629 exercitum
689 584 707 628 a
719 567 866 628 Gedeone
877 565 995 627 'dimitti
1004 568 1147 645 jussisse,
1156 568 1205 631 ddi

139 656 291 718 dumtaxat
317 654 516 719 bellatoribus
538 655 682 725 retentis,
703 654 837 715 dimissio
850 669 925 713 vero
947 652 1053 715 isthaec
1079 655 1205 717 cohaeret

140 744 305 805 arctissimo
317 760 398 804 nexu
410 760 479 804 cum
491 741 621 804 victoria
634 741 686 818 (c.
697 742 726 814 7,
740 740 847 802 lai-at
856 740 885 820 ),
899 758 989 818 quam
1006 741 1136 804 Gedeon
1154 758 1207 821 opo

137 828 193 891 500
204 830 330 890 istorum
346 828 478 889 militum
496 828 536 888 de
553 827 672 907 ingenti
698 826 929 887 bladianitarum
943 827 1079 887 exercitu
1097 828 1205 889 retulit

136 919 238 994 Quare
249 918 315 978 sine
325 916 387 976 illis
396 915 549 976 miraculis
556 915 683 975 victoria
694 914 838 993 explicari
848 912 928 974 haud
935 922 1048 993 posset.
1061 915 1208 996 Stratagc·

137 1020 187 1063 ma
196 1020 281 1074 vero,
292 1001 373 1080 quod
383 1001 511 1062 cheon
524 1000 563 1060 ad
576 1000 735 1061 victoriam
750 999 941 1060 referendam
952 999 1104 1072 adhibuit,
1115 1002 1208 1063 dando

137 1089 285 1149 militibus
296 1087 383 1148 tubas
397 1103 433 1148 ac
445 1086 584 1148 lucernas
596 1087 629 1145 in
640 1085 758 1162 hydriis
768 1085 976 1155 absconditas,
987 1092 1078 1163 atque
1094 1087 1139 1147 ita
1148 1088 1210 1149 dor-

137 1175 268 1236 mientes
283 1174 465 1235 Madianitas
483 1172 585 1233 media
601 1180 692 1234 noete
704 1173 869 1251 improvise
879 1171 1061 1245 adoriendo‚
1074 1176 1211 1254 panicum

138 1263 279 1324 timorem
289 1261 427 1323 hostibus
439 1261 579 1331 incussit,
595 1278 688 1338 quare
707 1261 885 1339 semetipsos
900 1268 1003 1321 mutuo
1015 1263 1210 1325 trucidarunt:

138 1348 266 1412 Gedeon
278 1365 352 1409 vero
363 1365 449 1408 suum
462 1347 631 1407 exercitum
643 1363 706 1406 non
714 1346 892 1415 dimisisset,
906 1344 1023 1423 hocque
1035 1354 1211 1427 stratagema

138 1452 200 1496 non
210 1433 413 1505 adhibuisset,
425 1433 484 1494 nisi
498 1432 537 1492 de
550 1432 615 1511 ejus
626 1432 709 1494 lelici
719 1438 860 1492 eventua
874 1431 938 1491 Deo
951 1431 1066 1491 certior
1081 1432 1212 1494 redditus

138 1519 254 1583 luisset.
265 1522 376 1581 Extant
386 1520 418 1579 in
428 1518 554 1580 historia
565 1517 688 1597 prolana
705 1516 844 1596 exempla
859 1515 1003 1577 similium
1021 1525 1212 1599 stratagema-

138 1613 218 1679 tum,
236 1608 345 1685 quibus
363 1607 450 1685 pauci
468 1605 527 1667 viri
545 1596 714 1666 numerosis
730 1604 866 1664 hostibus
882 1601 1053 1680 hujusmodi
1077 1604 1211 1685 panicum

138 1695 279 1755 timorem
292 1695 490 1754 incusserint.
509 1692 614 1753 Diotas
629 1692 729 1754 simile
743 1698 923 1768 stratagema
940 1690 1081 1751 adhibuit
1097 1693 1130 1752 in
1144 1692 1212 1753 mlo

140 1779 288 1848 Heraea¹‚
307 1786 339 1838 et
357 1777 466 1837 Falisci
486 1793 543 1854 per
567 1778 709 1838 timorem
728 1775 870 1857 panicum
895 1782 991 1834 totum
1014 1777 1212 1839 Romanorum

140 1865 307 1926 exereitum
318 1864 351 1923 in
363 1862 464 1940 lugam
482 1863 643 1940 egenrnt’.

176 1949 312 2028 tephton
328 1946 421 2006 filiam
437 1964 534 2020 suam,
556 1947 595 2007 de
611 1965 670 2025 qua
682 1948 730 2026 (e.
741 1947 797 2028 9),
818 1949 850 2008 in
863 1946 1044 2010 sacrificium
1060 1958 1213 2013 omentum

140 2034 278 2180 Daphnen
287 2031 444 2103 obtulisse,
455 2031 510 2094 sed
521 2048 589 2092 eam
600 2034 659 2094 Dei
671 2033 797 2095 servitio
809 2051 1010 2107 consecrasse,
1025 2037 1213 2116 probavimus

141 2135 173 2179 n.
224 2160 234 2180 .

141 2254 158 2324 5
168 2257 261 2306 xlvii.
272 2281 303 2295 -
312 2256 428 2308 Samson.
439 2256 503 2306 llum
512 2256 610 2307 sardus
625 2254 737 2336 sistitur!
751 2256 809 2318 Ejus
818 2257 902 2306 robur.
913 2258 962 2308 Leo
977 2259 1087 2321 occisus,
1096 2257 1123 2308 el
1134 2258 1212 2309 mdiu

621 2340 675 2387 epus
690 2339 743 2375 ore.

181 2448 246 2530 obj.
261 2450 332 2506 llll.
345 2449 457 2510 Deistae
468 2448 570 2529 plures
581 2445 772 2511 difficultates
784 2456 940 2530 opponunt
951 2450 1075 2512 veritati
1086 2450 1213 2513 hbmrin

143 2532 293 2597 Samsonis
306 2531 355 2610 (c.
367 2532 470 2595 'ld-c.
486 2533 542 2612 16)
555 2533 669 2594 relatae.

181 2621 210 2679 l⁰
224 2621 333 2692 Aiunt,
346 2620 445 2680 virum
464 2619 549 2679 illum
562 2620 740 2682 erudelitate
755 2621 889 2681 inaudita
907 2621 939 2681 in
951 2618 1213 2700 Philistionem,

143 2704 203 2781 l9,)
214 2713 244 2766 et
256 2704 507 2766 fornicationibus
519 2704 661 2766 infamem
676 2706 719 2782 (c.
732 2706 794 2782 16),
806 2707 931 2768 minime
944 2706 1103 2780 meruisse,
1114 2716 1149 2768 ut
1158 2704 1215 2785 ejus

142 2792 284 2852 nativitas
300 2792 338 2852 ab
357 2791 465 2872 angelo
485 2791 703 2871 praediceretur
723 2791 770 2868 (e.
785 2791 856 2872 13),
869 2793 952 2851 illum
971 2792 1118 2854 vindictae
1136 2810 1215 2855 exer·

143 2877 249 2938 cendae
263 2894 351 2938 eausa
365 2877 559 2954 semetipsum
576 2878 766 2939 interemisse
777 2879 825 2953 (c.
836 2877 905 2951 16);
920 2878 980 2956 legi
993 2886 1096 2939 tannen
1107 2880 1164 2957 (lb,
1175 2878 1215 2955 19)

144 2965 279 3041 spiritum
290 2963 411 3024 Deonini
423 2960 547 3021 inillam
560 2962 680 3023 irruisse
700 2970 858 3038 antequam
876 2962 913 3022 50
934 2962 1216 3035 Philisthaeosfocci·

144 3048 241 3129 deret,
251 3056 282 3109 et
293 3050 323 3109 S.
336 3049 459 3108 Paulum
469 3049 480 3123 (
489 3049 584 3108 liebr.
597 3048 643 3117 ll,
653 3048 710 3122 55)
722 3048 760 3107 de
771 3048 823 3106 illo
834 3048 937 3107 dicere
948 3049 1028 3125 quod
1038 3070 1054 3105 «
1065 3066 1123 3128 per
1133 3048 1218 3111 fidem

144 3132 294 3200 »vicerit
309 3138 448 3209 operatus
460 3130 500 3191 sit
508 3129 670 3207 justitiam,
683 3137 713 3189 et
725 3129 850 3207 adeptus
863 3131 902 3189 sit
916 3132 1218 3210 repromissionem*

181 3220 266 3296 Rosp.
276 3218 390 3276 Verum
399 3234 466 3295 quae
478 3218 559 3277 Deus
572 3216 707 3275 Samsoni
720 3217 872 3296 prestitit,
888 3234 947 3277 non
962 3218 993 3277 in
1006 3219 1219 3281 renumeratio

143 3318 214 3362 nem
228 3301 292 3378 ejus
304 3302 440 3371 virtutis,
451 3300 547 3362 sedin
559 3301 780 3380 protectionem
792 3309 823 3361 et
835 3301 1042 3363 defensionem
1055 3305 1162 3386 populi
1177 3300 1219 3367 sui

143 3385 226 3447 lecit.
249 3389 293 3446 Ut
313 3388 394 3447 Deus
415 3388 558 3448 samsone
575 3385 613 3447 ad
635 3403 705 3447 suos
724 3382 799 3447 lines
814 3395 966 3459 uteretur,
981 3389 1069 3449 illum
1088 3398 1220 3453 sanctuni

143 3472 274 3534 reddere
287 3491 349 3533 non
362 3472 531 3532 tenebatur.

181 3559 285 3618 Verba
298 3560 369 3618 illa:
388 3578 404 3615 o
425 3557 516 3615 lrruit
532 3557 564 3616 in
584 3559 758 3619 Samsonem
775 3561 897 3640 spiritus
916 3562 1038 3623 Domini
1057 3584 1073 3621 r
1095 3564 1221 3626 hicnon

145 3642 317 3735 pignilieant
328 3642 545 3721 inspirationem
557 3642 700 3712 divinem,
712 3651 763 3703 aut
773 3664 897 3705 eruorem
908 3650 1038 3717 uirtutis,
1051 3656 1085 3710 ut
1095 3652 1159 3729 jam
1169 3647 1222 3711 ob·

165 3746 336 3819 ''¹Polyenus,
347 3754 366 3809 l,
376 3754 401 3801 2.
412 3767 435 3805 c.
445 3755 485 3804 57.
494 3750 544 3790 -2
553 3755 614 3805 l'idc
625 3755 977 3825 Frontinmo‚1,2.struag.,
988 3771 1009 3811 c.
1021 3755 1047 3813 1.
