2708 4846
145 470 192 521 tls
549 468 596 520 be
616 464 820 518 lurnnnrrh

143 559 236 639 legati
246 558 343 620 divini
354 575 389 621 ae
405 550 522 639 magnae
537 561 702 621 sanctitatis
715 549 928 637 reperiuntur,
937 560 983 614 est
998 551 1163 630 impostor?
1175 555 1221 612 ou

143 647 242 725 potius
253 652 323 705 sunt
336 646 513 725 impostores
526 646 626 707 futiles
641 647 688 705 illi
705 646 883 722 scriptores,
902 641 955 719 qui
973 639 1056 700 omni
1073 637 1220 715 religione

145 731 291 802 destituti,
303 732 387 791 vitiis
397 732 536 793 omnibus
547 733 669 803 imbuti,
682 731 851 807 deliriaque
862 726 1028 788 incredulae
1041 741 1104 785 snae
1115 722 1220 783 mentis

142 832 197 895 pro
214 816 343 879 oraculis
355 816 563 890 venditantes,
576 818 702 895 Moysen
721 815 892 894 impostoris
907 812 1032 877 nomine
1047 823 1220 889 nuncupare

141 901 224 966 haud
241 905 407 966 verentur?

140 1036 392 1107 §xiib-Silentium
402 1043 445 1091 aut
455 1040 613 1157 contrarietalq
623 1039 768 1157 setrniqrtorqm
776 1038 932 1100 antiquorum
943 1035 973 1084 de
984 1033 1057 1084 lactis
1068 1027 1220 1085 miracmoeh

614 1123 645 1157 en
684 1122 728 1157 cuc
747 1122 766 1158 r.

177 1220 249 1277 lla.
265 1217 330 1298 otj.
344 1219 434 1278 Facta
444 1217 498 1278 illa
513 1216 675 1293 stupenda,
690 1234 757 1294 quae
770 1217 802 1274 in
814 1214 1019 1276 Pentateucho
1031 1214 1217 1286 referunnsr,

141 1305 167 1363 si
177 1321 250 1365 vera
259 1309 374 1374 essent,
389 1303 472 1363 aiunt
486 1302 515 1362 l⁰
528 1304 656 1373 Deistae,
668 1303 706 1362 ab
720 1301 851 1379 antiquis
864 1300 1017 1360 historicis
1029 1299 1164 1379 profanis
1174 1316 1219 1361 re·

141 1393 201 1452 lata
212 1394 347 1454 sciissent.
360 1394 428 1452 Jam
440 1408 513 1452 vero
532 1392 624 1471 prisci
644 1390 781 1451 historici
795 1388 913 1468 profani
925 1388 1003 1449 nihil
1016 1388 1056 1449 de
1067 1389 1131 1474 illis
1142 1407 1219 1452 eom·

140 1486 319 1539 memorant.

176 1564 208 1624 2⁰
220 1566 340 1642 Moyses
351 1563 458 1625 scribit
480 1561 719 1640 Israelitasjnssn
729 1562 786 1621 Dei
797 1578 833 1621 ex
847 1562 980 1639 illigypto
992 1575 1131 1638 egressos
1142 1578 1214 1635 esso,

139 1660 173 1714 ut
183 1660 366 1731 occuparent
379 1651 537 1729 regionem
554 1649 720 1720 Cinneam,
739 1649 899 1727 AEgyptios
912 1666 985 1709 vero
999 1665 1053 1709 eos
1064 1647 1215 1713 dimittere

139 1741 271 1801 noluisse
292 1738 397 1814 (Exod.
419 1738 461 1812 a).
475 1737 597 1796 Tacitus
618 1735 860 1813 antem(hnnnl.
880 1735 902 1794 l.
925 1735 983 1813 Pl)
1007 1736 1117 1806 refert,
1139 1736 1213 1816 quod

140 1824 281 1902 AEgyptii
295 1840 313 1883 a
327 1825 392 1883 Deo
407 1825 574 1882 Hammone
584 1820 658 1899 jussi
670 1822 731 1883 sint
743 1821 907 1893 Hebraeos,
923 1819 1029 1879 rnorbo
1042 1822 1213 1901 contagioso

139 1910 281 1979 inlectos,
298 1908 423 1985 Diisque
444 1908 573 1976 invisos,
596 1907 731 1984 AEgypto
749 1906 866 1981 pellere
881 1926 889 1964 ε
903 1906 1057 1965 «Plurimi
1080 1916 1213 1970 auctores

139 2019 155 2048 o
169 1995 378 2063 consentiunt,
398 1994 512 2069 inquit,
533 2000 600 2052 orta
623 2009 679 2070 per
699 1992 866 2070 AEgyptum
891 1993 977 2063 tabe,
1002 2009 1070 2070 quae
1093 2009 1213 2072 corpora

138 2100 156 2137 n
168 2080 307 2150 ioedaret,
321 2093 426 2154 regem
437 2077 617 2135 Bocchorim
627 2077 709 2135 adito
720 2078 895 2137 Hammonis
912 2078 1033 2137 oraculo
1049 2080 1213 2141 remedium

139 2184 156 2221 n
169 2170 336 2242 petentem,
348 2176 477 2237 purgare
489 2176 625 2236 reguum,
640 2167 672 2219 et
683 2160 715 2219 id
729 2177 823 2237 genus
835 2162 990 2222 hominum
1001 2162 1173 2241 (Hebraeos)
1183 2171 1213 2227 ut

139 2269 156 2306 n
169 2249 300 2307 invisum
319 2246 399 2315 Diis,
416 2245 490 2304 alias
505 2246 537 2303 in
559 2252 653 2305 terras
667 2246 799 2306 avehere
811 2246 944 2325 iussum,
969 2255 1027 2307 ete.
1051 2269 1067 2304 n
1082 2252 1213 2311 Justinm

135 2333 232 2407 etiam
240 2337 341 2390 narrat
350 2329 442 2407 (Epio.
452 2328 521 2388 hist.
535 2329 617 2389 univ.
626 2330 719 2408 Trogi
732 2332 833 2410 Pomp.
846 2334 866 2392 l.
879 2334 939 2410 56),
955 2333 1036 2410 qued
1046 2335 1214 2414 AEgyptiia

139 2417 206 2477 Diis
224 2417 286 2477 suis
305 2414 443 2483 ludaeos,
461 2416 567 2473 morbo
590 2416 763 2494 contagioso
783 2426 952 2496 correptos,
972 2436 1041 2480 eum
1056 2419 1165 2498 Moyse
1180 2438 1214 2483 ex

139 2507 275 2584 lligypto
288 2504 404 2582 pellere
414 2501 488 2580 jussi
501 2504 573 2563 sint.

175 2591 206 2651 5⁰
224 2592 345 2669 Moyses
361 2589 465 2666 (Exod.
482 2590 527 2665 l7)
540 2589 662 2659 scribit,
680 2607 713 2650 se
732 2590 904 2653 sitientibus
917 2598 948 2652 ct
963 2597 1215 2659 murmurantibus

139 2677 282 2738 Israelitis
295 2693 313 2736 e
326 2692 401 2752 rupe
414 2676 499 2753 virga
510 2692 650 2753 percussa
657 2675 804 2753 jussnhei
810 2678 948 2739 elicuisse
958 2678 1083 2738 fontem.
1095 2682 1216 2743 Tacitus

102 2804 106 2808 ⁴
138 2780 211 2824 vero
221 2770 317 2822 totmn
328 2761 385 2820 hoc
394 2760 566 2839 prodigium
581 2760 758 2831 denudavit,
767 2764 825 2823 loc.
838 2765 890 2823 cit.
903 2764 1055 2824 scribens:
1069 2766 1216 2829 Hebraeos

140 2869 155 2906 u
172 2848 250 2909 nihil
269 2863 354 2923 aeque
370 2863 459 2923 quam
473 2846 574 2923 inopia
592 2864 676 2922 aqum
696 2847 848 2924 fatigabat.
865 2850 992 2925 Jamque
1007 2848 1091 2910 haud
1112 2850 1216 2929 procul

139 2933 260 2993 »exitio
273 2933 345 2993 totis
355 2931 468 3008 campis
480 2932 712 3009 procubuerant,
724 2947 792 2991 eum
803 2950 876 3010 grex
890 2936 1041 2995 asinorum
1050 2938 1216 3013 agrestium

138 3035 187 3079 ne
206 3025 292 3096 pastu
307 3018 339 3077 in
355 3033 462 3096 rupem
477 3033 601 3075 nemore
619 3032 744 3095 opacam
760 3007 918 3080 concessit.
939 3020 1065 3080 Secutus
1078 3022 1216 3098 Moyses,

138 3125 155 3163 u
168 3103 339 3181 conjectura
356 3103 478 3164 herbidi
492 3104 565 3174 soli,
583 3102 680 3181 largas
694 3120 837 3180 aquarum
854 3122 947 3165 venas
957 3107 1065 3183 aperit.
1083 3107 1117 3167 ld
1135 3108 1218 3171 leva-

137 3211 155 3249 a
167 3208 247 3261 men,
264 3197 295 3249 et
308 3191 483 3249 continuum
495 3207 548 3248 sex
561 3189 680 3248 dierum
692 3189 751 3249 iter
763 3192 892 3260 emensi,
907 3192 1034 3269 septimo
1046 3193 1144 3270 pulsis
1157 3195 1218 3257 eul-

136 3294 155 3334 n
167 3275 447 3336 toribusobtinuerc
458 3283 563 3343 terras,
574 3274 722 3349 inquibus
731 3276 802 3336 urbs
810 3284 841 3336 et
850 3277 1102 3354 templmndicata
1110 3289 1217 3341 suut»

60 3436 67 3449 .
136 3361 497 3422 TacitoNaturalistarum
509 3376 584 3438 grex
598 3361 707 3438 passim
721 3368 752 3420 et
761 3363 907 3441 imprimis
916 3363 1053 3425 Marehio
1065 3365 1218 3447 d'Argens

137 3445 291 3526 applaudit
306 3445 327 3503 ¹.

174 3545 259 3622 Hesp.
271 3541 301 3601 l⁰
310 3542 408 3618 Qumn
419 3541 503 3600 futile
514 3540 572 3601 hoe
582 3551 788 3621 argumentum
796 3544 835 3604 sit
842 3544 1043 3624 liquet,quod
1053 3559 1217 3615 narrentm

138 3627 177 3688 ab
200 3627 366 3697 Herodoto,
388 3625 582 3702 Thucydide,
604 3636 662 3689 etc„
679 3629 773 3689 multa
791 3629 868 3690 laeta
881 3632 1135 3708 extraordinaria,
1148 3654 1217 3715 quae

137 3721 275 3794 tempore
288 3713 468 3792 scriptorum
480 3713 669 3774 hebraeorum
679 3717 870 3795 contigerunt
880 3734 1005 3793 quorum
1015 3737 1108 3798 opera
1120 3722 1218 3785 babe-

138 3813 213 3870 mus,
227 3816 293 3876 quae
305 3806 406 3859 tamen
415 3798 453 3858 ab
466 3796 618 3860 historicis
628 3799 758 3862 hebraeis
768 3809 914 3862 tacentur.
926 3804 1004 3863 h'um
1016 3807 1131 3869 Deistae
1141 3809 1215 3873 ideo

139 3882 204 3949 haee
213 3885 290 3947 lacta
302 3883 507 3947 commentitia
522 3884 645 3946 dieunt?

175 3969 257 4046 Quid
268 3972 429 4052 scriptores
442 3970 557 4047 antiqui
570 3971 608 4032 do
622 3972 721 4045 iactis,
733 3974 799 4051 quae
814 3974 960 4036 diluvium
974 3958 1214 4059 praecesserunt,

169 4076 293 4145 illarqnls
302 4084 434 4153 tl’trgcnst
446 4086 470 4135 la
480 4084 636 4147 Philosophia
650 4087 891 4157 aphorismum.
903 4092 913 4139 l
923 4124 931 4154 ,
941 4088 957 4158 3
967 4093 991 4141 5.
