2708 4846
142 454 191 505 tna
209 518 214 528 Ι
593 451 773 502 1111111111
1037 487 1039 491 ,

142 546 193 610 Ab
212 543 270 605 bac
289 540 460 605 calamitate
480 541 639 622 Prophetae
662 542 761 602 varios
781 547 888 620 tropos
912 539 1167 621 deprompserint
1182 542 1214 605 111
1244 598 1245 602 ,

140 646 264 710 magnas
278 647 381 690 rerum
394 629 607 691 subversiones
619 627 831 704 designandas.

178 718 209 777 2⁰
229 719 390 789 Touitrua,
415 717 533 794 fulgura
556 715 735 794 grandines,
760 713 994 778 inundationes.
1018 720 1054 775 ct
1072 719 1215 777 manca

140 801 280 871 nubium,
300 818 368 879 quae
387 809 523 880 tempore
542 799 652 859 biemis
671 799 772 860 locum
784 799 912 860 babent.
929 801 990 860 Eas
1004 799 1151 862 describit
1163 802 1213 861 Pii

141 888 209 948 nius
224 887 244 947 ¹.
264 889 320 947 Hae
335 888 519 948 calamitates
540 885 700 966 Prophetis
720 901 756 947 ac
778 885 877 965 poetis
899 885 1107 946 Hebraeorum
1126 887 1214 969 piures

140 981 244 1052 tropos
264 976 470 1054 praebuerunt.

177 1059 209 1119 5⁰
224 1061 355 1139 Agmina
366 1061 563 1131 locustarum,
577 1073 643 1136 qum
655 1072 743 1135 agros
755 1056 925 1119 devastant.
942 1059 1001 1118 Hac
1019 1058 1144 1120 locusta
1153 1066 1211 1119 sunt

138 1152 268 1223 quatuor
281 1145 405 1206 circiter
423 1144 566 1224 pollicum
586 1141 800 1220 longitudinis,
825 1150 856 1204 et
874 1142 1092 1205 crassitudinis
1102 1144 1211 1205 circiter

140 1229 230 1309 digiti
247 1230 377 1291 hominis
390 1229 480 1306 (coni.
495 1231 592 1308 Apoc.
605 1228 634 1298 9,
649 1227 680 1298 7,·
695 1227 776 1288 Joel.
790 1228 818 1296 1,
830 1227 872 1303 b).

176 1315 209 1374 tt
222 1316 270 1378 0b
283 1317 464 1377 locustarum
473 1315 669 1385 vastationes,
684 1320 715 1373 et
731 1313 843 1393 pluviae
857 1314 1047 1375 autumnalis
1058 1314 1207 1385 delectum.

141 1400 238 1459 oritur
252 1400 431 1478 quandoque
443 1399 572 1459 maxima
584 1414 713 1459 annonae
725 1397 834 1460 caritas
845 1406 938 1475 atque
952 1398 1062 1462 iames.

177 1482 208 1542 li⁶
221 1485 337 1544 vontus
354 1484 515 1553 terribilis,
531 1501 621 1562 11111111
641 1482 795 1562 appellant
813 1481 933 1544 Arabes
945 1485 1073 1546 Samum
1089 1501 1137 1546 ssa
1147 1501 1205 1565 pea-

139 1568 278 1640 tilcrum,
290 1571 398 1631 Turcae
415 1570 551 1647 Samyel,
570 1569 696 1629 liebraei
710 1584 782 1629 vero
793 1585 971 1648 nuncupare
984 1571 1129 1632 videntur
1144 1573 1206 1645 1111-

141 1660 202 1712 tum
217 1655 349 1715 Urmtem
361 1655 451 1732 (lob,
463 1655 514 1727 tt,
531 1654 565 1713 at
574 1672 583 1724 3
596 1656 711 1714 leram.
730 1653 761 1719 lt.
780 1652 838 1731 11).
861 1654 921 1714 Hic
933 1663 1048 1716 ventus
1063 1673 1207 1734 umqum

140 1739 219 1800 ultra
236 1748 352 1820 septem
367 1741 417 1802 vel
428 1748 496 1802 octo
509 1740 638 1809 minuta,
655 1757 717 1799 non
732 1738 810 1799 ultra
824 1737 901 1799 duos
914 1738 1014 1818 pedes
1028 1759 1046 1801 a
1058 1749 1148 1811 terra,
1160 1757 1206 1801 osc

140 1823 203 1885 alte
227 1825 259 1885 in
285 1843 387 1887 aerem
410 1826 542 1906 spirans,
569 1824 732 1893 interimit,
755 1829 902 1900 quotquot
926 1823 1071 1886 homiues
1093 1825 1147 1888 sub
1163 1825 1205 1886 (lio

140 1918 254 1973 stantes
271 1915 386 1991 reperit
399 1913 489 1990 (coni.
508 1914 557 1973 Ps.
570 1909 634 1981 105,
649 1908 694 1970 lt.
716 1910 832 1969 larena.
852 1909 900 1978 lt,
920 1909 968 1968 17.
983 1910 1097 1972 Ezecln
1111 1912 1153 1985 ll,
1166 1910 1220 1972 tt

140 1995 231 2059 Oscae
245 1998 291 2068 15,
305 1999 363 2077 lt).

177 2081 329 2143 Animalia
339 2084 391 2144 dio
405 2084 539 2161 exposita
555 2080 636 2142 baud
651 2079 780 2147 occidit.
797 2078 852 2140 sed
871 2079 925 2139 illa
939 2082 1015 2143 totis
1026 2082 1146 2144 artibus
1156 2090 1206 2143 tre

139 2168 269 2238 mentia,
284 2169 428 2229 instinctu
440 2168 568 2245 quodam
581 2166 709 2227 naturali
721 2173 811 2245 caput
822 2165 908 2226 bumi
919 2164 1097 2229 demittunt

177 2252 324 2313 Homines
340 2271 373 2312 sc
390 2254 429 2312 ab
445 2270 482 2311 co
496 2253 619 2312 tutaturi
634 2251 722 2331 proni
739 2251 772 2310 in
786 2251 897 2312 faciem
911 2251 998 2312 bumi
1010 2261 1161 2324 corruunt,
1174 2270 1207 2315 ot

140 2338 229 2392 terrm
247 2334 374 2396 firmiter
385 2337 561 2404 admovent,
584 2353 623 2396 nc
641 2353 744 2396 auram
764 2336 846 2396 illam
863 2337 1044 2416 pestiferam
1064 2339 1204 2409 hauriam,

140 2423 230 2494 atquo
250 2421 344 2498 pedes
366 2421 509 2481 adversus
526 2422 645 2499 plagam
670 2423 752 2483 unde
775 2429 882 2482 ventus
909 2423 1022 2501 spirat,
1044 2426 1203 2487 obvertunt.

139 2500 257 2565 Ventus
276 2505 328 2566 hic
350 2506 538 2585 potissimum
559 2507 653 2586 spirat
675 2507 710 2567 in
735 2507 853 2576 Persia,
877 2508 1068 2586 Babylonia,
1090 2510 1205 2572 deeris

140 2589 283 2670 Egypti,
298 2600 330 2654 et
345 2594 377 2652 in
394 2593 503 2653 Nubia.

175 2676 212 2736 D.
233 2678 394 2739 Thevenot
414 2680 521 2741 scribit
542 2678 681 2740 homines
700 2679 759 2740 hoc
775 2687 867 2740 vento
890 2688 1037 2742 enecatos
1057 2699 1125 2742 mox
1148 2681 1203 2742 ieri

138 2762 258 2842 nigros,
271 2781 459 2842 ¹carnemque
472 2764 511 2824 ab
525 2765 642 2825 ossibus
653 2764 760 2832 avelli,
776 2764 801 2824 si
816 2771 1028 2836 attrectantur;
1048 2765 1138 2827 reiert
1152 2765 1203 2827 uici

138 2846 172 2907 in
193 2849 246 2908 illo
260 2858 351 2911 vento
366 2868 431 2911 esse
447 2852 567 2930 ignem,
586 2859 618 2910 et
634 2850 795 2932 nonnullos
811 2849 871 2911 boc
883 2858 977 2911 vento
991 2870 1147 2932 percussos
1162 2870 1204 2914 so·

136 2930 289 2995 lummodo
311 2937 408 2998 adbuc
430 2937 533 2997 dicere
556 2953 659 3016 posse,
682 2953 716 2996 se
738 2936 858 2995 interno
875 2937 923 2996 uri
941 2936 966 2999 ¹.
988 2938 1121 3011 Scribit,
1136 2956 1203 3000 anm

139 3014 221 3087 1663,
236 3019 268 3079 in
280 3021 361 3129 urbe³
375 3023 499 3083 Bassora
514 3028 641 3098 quatuor
657 3021 754 3081 millia
769 3020 928 3080 homiuum
944 3019 1111 3085 bocvsnto
1125 3024 1203 3085 laiss

135 3097 269 3163 interem
291 3114 336 3168 tos
365 3150 372 3165 .

174 3185 206 3247 6⁰
215 3124 326 3262 nesio,
338 3208 405 3268 quae
423 3208 461 3252 cx
479 3192 614 3270 AEgypto
628 3192 755 3268 aliisque
767 3191 879 3251 vicinis
892 3193 1075 3270 regionibus
1090 3192 1203 3257 adrehi-

133 3272 196 3330 tur.
208 3273 253 3334 De
267 3276 320 3336 illa
332 3276 473 3353 frequens
484 3277 516 3335 in
528 3275 628 3336 Libris
641 3275 734 3336 sacris
748 3273 781 3335 fit
793 3276 919 3335 mentio.

484 3409 702 3481 ενα-11111111
716 3404 860 3459 1111111111.

173 3538 245 3591 (tlt.
263 3533 420 3594 Palaestina
431 3540 477 3592 est
488 3533 572 3609 regio
585 3542 732 3600 montosa,
747 3540 778 3592 et
789 3532 850 3593 duo
860 3532 933 3611 juga
946 3538 1111 3608 montium,
1123 3554 1202 3599 unua

107 3648 110 3652 .
135 3621 182 3680 cis
200 3626 231 3678 et
247 3619 373 3678 alterum
387 3626 467 3678 trans
482 3617 646 3678 lordanem
660 3635 715 3697 per
728 3634 794 3678 eam
807 3619 941 3696 exsyria
964 3621 998 3681 iu
1019 3625 1162 3684 Arabiam
1177 3637 1202 3684 st

137 3705 318 3772 extendunt,
339 3721 405 3780 quae
427 3705 509 3764 varia
530 3704 655 3781 planitie
679 3704 847 3784 interrupta
866 3711 946 3766 sunt.

173 3789 321 3868 Praecipui
342 3795 459 3848 montes
479 3794 548 3848 sunt

173 3873 204 3932 1ο
225 3874 372 3942 Libanus,
385 3873 437 3951 qui
455 3873 572 3933 duobus
582 3879 699 3962 constat
712 3873 809 3952 jugis,
823 3888 890 3950 quaa
903 3873 936 3935 io
955 3877 1065 3940 medio
1076 3893 1201 3954 magma

135 3994 327 4115 Β,115111119111116
335 3999 386 4046 nat.
398 3998 415 4045 l.
429 3994 888 4048 1-1111111111111111111111.
900 4000 920 4047 li
939 4002 961 4049 l.
972 4004 1039 4065 liap.
1051 4001 1201 4053 l2.·—³lbil.

211 4099 217 4113 .
260 4079 287 4130 p.
326 4097 335 4114 .
