2708 4846
147 427 194 482 2⁸9
555 430 601 477 be
620 429 823 478 AUTHENTIA

282 559 298 629 S
313 563 412 612 CLXVI.
423 585 454 600 -
463 560 640 624 Argumentum
651 566 678 614 ct
687 565 764 625 stylus
775 563 948 614 vaticiniorum
959 564 1095 616 zachaee.

183 681 253 742 409.
276 684 349 743 ilreo
369 681 528 761 prophetia
549 684 580 744 in
604 686 678 744 duas
693 690 795 762 partes
814 683 944 761 dispesci
964 690 1082 762 potest,
1104 699 1218 763 quarum

145 768 242 845 prima
254 769 442 845 potissimum
455 769 517 845 agit
530 786 548 829 a
560 786 587 829 c.
597 770 692 834 l·e.8,
711 768 750 829 de
762 769 921 828 eventibus
935 770 1094 846 proximis,
1108 777 1140 831 ct
1151 787 1217 848 pre·

145 854 252 912 sertim
261 852 300 913 de
314 856 532 913 restauratione
546 854 662 932 templi,
678 853 716 914 ad
732 871 820 931 quam
833 851 984 932 Propheta
998 853 1217 928 adhortatam

145 940 295 1015 Aggasus,
319 939 473 998 llcbraeos.
498 938 640 999 Prmdicit
661 940 792 999 futurum
813 955 941 1016 reguum
964 937 1106 1005 sacerdot
1157 945 1218 1009 '‚cl

142 1021 291 1099 jejunium
305 1023 344 1082 ob
356 1024 542 1083 calamitates
553 1023 761 1102 praecedentes
774 1022 944 1083 institutum
961 1022 1082 1082 aboleri
1095 1022 1108 1102 j
1172 1030 1218 1085 tm.

181 1109 253 1168 Pars
273 1109 406 1168 secunda
420 1126 477 1170 ae.
490 1108 552 1169 ilc.
568 1109 614 1179 lh,
627 1110 766 1170 continet
784 1107 928 1169 vaticinia
945 1117 1113 1169 eventuum
1132 1126 1219 1170 remo·

80 1220 82 1224 ·
143 1195 270 1266 tiorum,
284 1195 323 1256 de
336 1196 423 1257 clade
436 1197 579 1273 Syrorum
592 1212 627 1256 ac
638 1195 903 1265 Philisthaeorum‚
918 1195 957 1255 de
970 1195 1101 1266 Messia,
1114 1195 1153 1257 de
1165 1196 1218 1258 lla·

142 1280 290 1348 chameis,
303 1280 342 1342 de
353 1282 571 1359 propagatione
587 1298 669 1341 verre
680 1280 849 1359 religionis,
862 1288 922 1341 etc.
937 1279 1103 1342 Zacharias
1115 1299 1144 1344 c.
1156 1280 1184 1352 a,
1193 1278 1217 1345 9.

143 1364 183 1425 de
200 1367 310 1427 blessia
327 1367 393 1426 iere
408 1372 442 1425 ut
459 1368 653 1445 Evangelista
664 1368 814 1444 loquitur,
826 1365 897 1425 dum
912 1366 977 1425 ait:
995 1385 1012 1421 a
1034 1366 1145 1427 Exultat
1158 1367 1220 1429 satis

144 1468 160 1505 o
172 1447 235 1508 filie
248 1451 321 1509 Sion
334 1469 341 1510 ε
357 1453 492 1510 Eccerear
505 1459 569 1511 turo
580 1454 686 1513 veniet
696 1453 753 1513 tibi
763 1452 859 1528 justus
872 1457 904 1510 et
914 1450 1048 1511 salvator
1060 1469 1070 1511 r
1083 1452 1150 1530 ipse
1159 1467 1219 1531 pru·

144 1552 161 1590 a
173 1552 240 1614 per,
254 1542 286 1595 et
297 1539 464 1597 ascendens
475 1554 567 1616 super
579 1539 704 1609 asinam,
718 1546 751 1599 et
761 1555 854 1618 super
865 1537 980 1615 pullum
990 1534 1088 1598 hlium
1100 1538 1217 1600 asina.»

142 1618 229 1701 Ceut.
245 1619 351 1680 blatth.
364 1621 415 1691 al,
429 1621 490 1680 hd.

179 1704 298 1764 Partem
322 1708 441 1766 tertiam
462 1705 572 1766 horum
594 1707 841 1767 vaticinioruma
863 1705 1010 1767 Zacharia
1032 1704 1218 1788 compositam

142 1806 209 1850 esse
240 1791 280 1851 cl.
290 1791 370 1851 Jahn
384 1800 489 1853 eontra
502 1792 691 1854 adversarios
703 1793 802 1853 solide
813 1793 922 1871 probat
937 1792 958 1853 ¹.

179 1875 279 1950 stylus
300 1878 454 1937 Zachariae
469 1877 650 1954 qrrandoque
668 1886 713 1937 est
727 1878 896 1956 prosaicus,
910 1883 942 1936 et
959 1872 1218 1955 quandoquepoo·¹

141 1961 228 2032 ticus,
239 1963 341 2041 plures
354 1965 385 2022 in
397 1981 433 2023 eo
444 1973 607 2024 occurmnt
619 1964 732 2041 figure,
744 1965 835 2040 tropi,
846 1963 1000 2040 allegoriae
1012 1969 1045 2021 et
1056 1962 1216 2041 aenigmata.

141 2064 208 2124 quae
223 2049 422 2126 explicantur.
436 2049 598 2129 Prophetis
617 2049 771 2109 Zachariae
788 2051 823 2108 ib
839 2049 940 2127 capita
957 2046 1164 2125 complectens
1178 2052 1217 2107 est

141 2131 274 2192 omnium
285 2133 512 2212 prophetiarum
528 2136 679 2194 minomm
690 2135 865 2224 longissima
894 2133 1159 2195 etobscurissima.

480 2280 521 2329 be
536 2281 704 2329 Phoebeum
719 2281 887 2329 mmtcfflm

139 2389 156 2457 3
169 2389 280 2440 cmlii.
290 2387 466 2439 -ttaractrtac
474 2389 550 2451 Ehe,
558 2391 654 2452 tium,
664 2392 836 2452 muncrum
847 2392 874 2440 ct
886 2391 965 2452 rtylm
974 2388 1030 2449 cina
1040 2387 1215 2441 naehta.

176 2530 249 2585 mo.
266 2527 431 2589 Malachias
450 2535 721 2607 contemporaneus
736 2530 793 2592 iuit
807 2529 965 2590 Nchemiue
976 2531 1020 2606 (n.
1032 2529 1114 2607 239),
1129 2536 1216 2591 utar·

139 2623 314 2693 gementum
334 2613 398 2689 ejus
417 2613 588 2691 prophetiae
610 2615 734 2678 evincit.
750 2617 904 2680 Caeterum
928 2615 968 2676 de
990 2615 1045 2676 illo
1070 2614 1218 2695 scripturn

138 2713 222 2757 sacra
240 2695 317 2755 nihil
337 2695 442 2757 refert.
469 2695 655 2757 vaticinatus
677 2705 723 2758 est
743 2705 811 2777 post
828 2695 1046 2757 reaedificatum
1058 2697 1117 2758 sub
1131 2698 1217 2758 Zoro·

139 2781 250 2846 babela
260 2780 419 2858 templum;
430 2780 489 2840 hoc
500 2780 583 2841 enim
593 2790 628 2841 ut
639 2783 773 2844 existens
784 2782 881 2862 pouit.
894 2783 1013 2861 lingua
1023 2782 1091 2861 ejus
1102 2781 1217 2844 hebrea

140 2873 186 2927 est
199 2865 381 2943 quandoque
394 2863 575 2933 duriuscula.

150 3006 154 3010 ,
175 2951 344 3024 Redarguit
355 2950 519 3012 hialachias
528 2951 651 3012 ludaeos
663 2949 890 3030 ingratitudinis
902 2951 934 3012 iu
944 2953 1062 3023 Deum,
1079 2969 1116 3014 ac
1127 2964 1217 3015 sacer·

139 3034 225 3096 dotes
236 3037 411 3114 impietatis,
424 3052 461 3096 eo
471 3037 551 3114 quod
562 3039 601 3097 dc
611 3036 877 3097 multislaboribus
899 3045 930 3097 et
939 3037 1061 3116 exiguis
1074 3034 1217 3100 reditibus

138 3123 416 3198 conquerebantur,
437 3140 472 3183 ac
493 3120 641 3185 sacriticia
658 3122 765 3183 illicita
783 3121 995 3182 admittebant.
1009 3119 1217 3202 reprehendit

137 3207 299 3276 Hebraeos,
322 3207 374 3284 qui
396 3207 541 3286 conjuges
563 3226 630 3270 suas
651 3207 811 3269 arbitrario
835 3205 1056 3284 repudiabant,
1080 3207 1217 3269 melioret

137 3290 325 3371 alienigenas
337 3291 504 3362 ducebant,
522 3301 553 3352 et
565 3294 699 3358 decimas
711 3292 894 3353 retinebant.
908 3290 1052 3353 modicia
1063 3292 1215 3360 atesim.

137 3376 239 3453 aiurue
259 3392 402 3454 magnum
420 3375 553 3454 legatum
570 3378 725 3448 divinum,
739 3394 829 3456 quem
844 3375 941 3455 quoad
962 3377 1106 3455 spiritum
1127 3376 1216 3439 Elia!

137 3469 240 3532 vocat,
255 3470 326 3520 ante
336 3461 477 3521 blessiam
489 3463 670 3523 mittendum
684 3480 760 3525 esse.
771 3462 909 3524 tudoean
920 3479 994 3524 vcro
1003 3461 1149 3543 praedicit
1154 3476 1215 3545 pc·

138 3555 227 3624 petuo
241 3547 432 3607 anathemate
445 3546 644 3607 damnandam
657 3566 734 3609 esse.

174 3631 275 3706 stylus
304 3630 461 3691 Malachiae
487 3632 519 3691 in
546 3633 808 3711 reprehendendis
834 3632 918 3692 vitiis
947 3640 994 3693 est
1026 3632 1211 3702 vehemens.

138 3717 322 3792 caeteroquin
335 3717 489 3792 prosaicus
501 3724 533 3778 ct
550 3717 737 3780 duriusculus
749 3718 849 3796 (coni.
864 3735 895 3778 n.
908 3715 1000 3779 5t-56
1016 3714 1211 3800 otili-iffi)-

168 3848 352 3922 *saun-mtrem
366 3855 391 3902 in
402 3855 429 3905 b.
440 3854 465 3903 S.
476 3854 507 3904 V.
517 3855 560 3916 ll,
571 3869 625 3918 rap.
638 3852 697 3920 RS
712 3856 766 3919 tot,
776 3856 890 3919 Viennae,
900 3854 970 3906 ttot.
