2708 4846
485 464 675 518 tlunottttlt
691 465 893 519 sacaoaull.
1177 467 1225 524 id!

138 551 366 617 innumerabili
377 553 571 619 multitudine
584 561 698 619 exortae
711 563 791 630 sunl,
803 558 871 623 sine
881 551 944 620 ulle
956 555 1094 621 adbibita
1104 555 1223 635 medio,

141 640 225 703 etad
237 640 411 703 orationem
420 641 534 720 Moysis
542 642 710 719 perierunt.

179 724 213 787 u·
223 724 326 789 Pestis
332 726 391 789 ista
401 725 577 789 animalium
585 728 700 808 pariter
708 744 770 789 non
779 733 825 789 est
834 732 898 791 orta
909 727 1094 802 naturaliter,
1106 746 1174 792 cum
1184 728 1225 793 ad

142 809 237 875 ΕΜ
247 818 370 893 tempus
381 811 527 894 predicta
542 812 650 895 tuerit,
664 819 697 875 et
713 829 793 882 non,
809 820 845 875 ut
859 813 939 876 solet
955 815 1050 894 pestis
1063 816 1233 895 naturalis„

142 898 329 970 successive,
339 904 373 960 et
379 899 412 959 in
419 914 510 960 umam
517 898 693 961 animalium
704 898 839 977 speeiem
848 906 981 979 grassata
991 900 1105 969 sit,sed
1115 902 1230 969 eodem.

145 982 198 1049 die
214 986 249 1049 iu
260 1001 355 1047 omne
365 984 541 1048 animalium
557 1002 654 1066 genus
670 986 831 1065 serpserit,
844 984 1012 1065 etquidem
1022 987 1221 1055 israelitarum

144 1070 309 1153 poeorium
318 1068 392 1134 selis
403 1072 496 1135 saltis
506 1071 747 1151 persistentibus.

178 1154 211 1219 ⁶⁶
221 1156 339 1219 Ulcera
356 1158 415 1219 ista
431 1174 449 1217 a
464 1157 591 1236 pulvere
603 1158 738 1234 regionis
749 1157 928 1220 naturaliter
937 1159 1102 1236 provenire
1112 1150 1229 1241 ueqnl·'

143 1250 271 1316 rerunt,
283 1259 355 1306 eum
365 1259 468 1321 sparso
481 1242 593 1303 camini
604 1242 731 1319 pulvere
743 1250 873 1323 repente
886 1242 1033 1322 producta
1047 1245 1126 1316 sint,
1140 1253 1173 1309 et
1187 1247 1221 1309 in

141 1342 264 1399 omnes,
278 1326 320 1390 ad
337 1344 414 1406 quos
429 1328 529 1408 pulvis
544 1328 681 1407 regionis
698 1329 837 1406 proiecto
852 1328 944 1390 simul
960 1328 1069 1391 eodem
1085 1337 1221 1411 tempore

140 1414 305 1497 pertenire
317 1412 400 1477 haud
410 1413 573 1496 potuisset,
585 1419 719 1493 grassata
730 1413 793 1476 siut
802 1413 946 1478 israelitis
958 1415 1104 1498 exeeptis.

175 1498 426 1571 i'Grandinem,
437 1498 572 1561 tonitrua
590 1503 622 1560 et
640 1496 759 1579 fulgura
775 1499 912 1580 septimae
923 1497 1022 1580 plagae
1047 1517 1109 1564 non
1127 1498 1219 1565 tuisse

139 1582 288 1647 suturalia
298 1589 393 1665 patet,
402 1582 627 1663 quodalloyse
638 1584 781 1647 adcurate
791 1585 913 1649 fueruat
922 1587 1078 1665 predicta,
1094 1589 1218 1652 insolito

140 1674 298 1751 tempore,
313 1675 348 1731 et
360 1670 491 1732 maximo
505 1670 623 1749 impetu
637 1677 817 1750 eruperunt,
834 1670 873 1731 ad
889 1673 1097 1736 extensionem
1113 1691 1219 1740 manus

139 1756 254 1839 Moysis
262 1762 430 1830 cessarunt,
441 1762 473 1820 et
482 1758 565 1837 qnod
576 1763 659 1819 terra
668 1758 785 1820 Gessen
795 1756 834 1818 ab
846 1757 990 1819 israelitis
1001 1758 1217 1825 inhabitataab

140 1842 186 1907 eis
195 1840 343 1906 immunis
352 1841 419 1906 tut.

170 1924 205 1993 8·
218 1929 254 1995 si
273 1930 367 1992 etiam
383 1929 510 1990 loeustae
532 1934 626 1991 rento
647 1928 683 1989 in
707 1929 876 2009 AEgyptmn
898 1929 1008 1992 delatae
1023 1930 1166 2004 tuissent,
1182 1932 1217 1995 id

137 2020 259 2087 tamen,
279 2015 424 2097 spectatis
443 2014 693 2085 circumstantiis,
710 2014 777 2075 sine
792 2014 937 2076 miraculo
956 2016 1137 2093 contingere
1153 2034 1215 2080 non

136 2100 375 2181 praetactum
385 2100 468 2180 quod
478 2102 599 2177 lloyses
609 2099 679 2161 illas
689 2098 841 2180 praedixit,
853 2106 918 2162 trun
929 2100 1010 2178 quod
1022 2101 1215 2167 multitudine

135 2186 355 2251 numerabili
366 2186 565 2261 advenerunt,
576 2192 611 2271 et¹
617 2203 679 2248 non
689 2186 845 2249 dumtaxat
853 2202 974 2248 omnem
985 2185 1112 2249 herbam
1124 2189 1216 2252 deve

133 2281 298 2346 rarerunt,
314 2272 371 2335 sed
385 2278 418 2333 et
430 2273 464 2333 in
481 2270 564 2333 aedes
575 2279 755 2352 eruperunt,
769 2288 840 2333 cum
855 2273 1035 2335 naturaliter
1051 2273 1086 2335 in
1101 2277 1215 2352 campis

133 2358 458 2429 maneredebuissent,
468 2363 532 2417 tun
544 2356 745 2435 quedterram
754 2355 870 2421 Gessen
879 2373 941 2420 non
952 2357 1214 2434 infestarunttum

133 2444 217 2526 qued
230 2446 354 2524 Moyses
365 2443 502 2506 oratione
513 2443 581 2505 illas
594 2444 706 2521 abegit.

166 2530 202 2595 9·
213 2532 248 2595 si
263 2531 358 2620 etium
373 2530 441 2591 istae
451 2529 590 2592 tenebrae
601 2530 634 2590 in
647 2530 750 2592 densis
760 2528 881 2591 nebulis
892 2530 1108 2605 constiterunt,
1120 2534 1213 2596 mira-

132 2618 235 2683 ndum
252 2626 356 2680 nmen
371 2616 575 2678 intervenisse
586 2631 626 2677 ex
641 2631 679 2678 eo
697 2623 828 2689 constat,
842 2615 923 2693 quod
936 2616 1097 2688 lsratlitae,
1109 2620 1162 2697 qui
1177 2623 1213 2684 in

132 2704 244 2769 eedem
260 2705 330 2767 loco
347 2718 416 2764 eum
430 2701 588 2781 Egyptiis
602 2702 811 2772 versabantur,
823 2701 937 2762 claram
948 2700 1048 2763 lucem
1059 2701 1212 2786 viderent,=
1325 2727 1329 2735 ·

117 2834 121 2845 .
169 2792 219 2855 ω’
238 2790 353 2871 opinio
365 2791 402 2850 D.
419 2787 547 2867 Murgan
560 2786 583 2859 ¹,
595 2786 746 2849 lsra'e'litas
761 2785 985 2865 conspiratione
1003 2785 1082 2847 taeta
1097 2790 1212 2868 primo-

133 2877 254 2959 genitos
278 2873 495 2955 Egyptiornm
520 2871 690 2944 eccidisse,
713 2878 760 2935 est
782 2871 923 2935 absurda.
946 2870 1105 2950 Quomodo
1128 2879 1212 2945 euim

132 2962 280 3029 hatita
306 2974 414 3022 omncs
434 2959 655 3039 primogenitos
678 2960 835 3022 bominum
859 2965 893 3020 et
917 2973 1064 3037 pecorum
1088 2960 1123 3025 in
1146 2970 1211 3030 tota

134 3050 288 3131 mgypto,
306 3047 341 3109 in
359 3045 500 3108 omnibus
517 3045 655 3118 familiis,
673 3046 707 3107 iu
725 3048 791 3124 ipso
810 3044 922 3126 palatio
935 3045 1033 3126 regis,
1049 3062 1109 3107 una
1120 3058 1211 3113 necto

135 3134 312 3201 interimere
336 3130 530 3213 petiissent?
558 3131 718 3210 Quomodo
745 3128 968 3210 primogenitos
990 3129 1030 3189 ab
1055 3130 1125 3194 aliis
1146 3134 1220 3199 dis:

133 3221 276 3305 tinguere
292 3218 480 3282 valuissent?
497 3219 612 3281 Necem
634 3218 713 3280 bane
734 3215 946 3279 miraculosam
965 3213 1076 3286 fusse,
1097 3223 1130 3279 et
1147 3235 1209 3282 uon

131 3308 276 3373 effectum
289 3304 459 3369 naturalem
470 3304 702 3386 conspirationis
714 3309 765 3366 ant
776 3301 884 3382 pestis,
895 3300 1008 3379 liquet,
1022 3300 1103 3378 quod
1118 3302 1175 3363 fuit
1190 3322 1209 3366 a

131 3392 240 3475 lioyse
248 3390 407 3473 praedicta,
418 3390 499 3454 meta
509 3406 570 3453 una
581 3397 683 3463 noete,
693 3387 910 3469 illatapraecise
920 3386 1209 3467 primogenitis,non

131 3478 218 3551 abta,
227 3479 374 3541 lsrailitis
388 3476 506 3540 relictis
519 3478 619 3540 salvb.

116 3630 122 3637 ,
169 3564 243 3623 sst-
254 3564 322 3645 obj.
340 3562 403 3625 Sed
419 3563 626 3627 airmtDeistae
639 3563 682 3635 Γ,
698 3562 781 3641 juxta
791 3560 886 3623 Exod.
896 3561 937 3637 (7,
951 3561 987 3624 19
997 3560 1087 3639 ctat)
1103 3578 1208 3624 omnes

127 3650 608 3801 meremur
623 3646 1208 3725 0

126 3814 224 3891 ilatio
239 3751 327 3903 dd‘dgi
353 3735 713 3884 thffl'agugmt
733 3754 821 3883 idam
842 3749 950 3899 ddaeuam
972 3831 1092 3900 pluam,
1117 3834 1207 3899 quam

163 3980 167 3985 ,
213 3984 217 3991 Ι
269 3906 480 3971 cenesaeos
490 3914 621 3973 mutasse
632 3906 730 3971 dicit?

110 3982 167 4057 ε’·’ξ
271 3992 371 4072 Aquae
381 3999 472 4056 terrae
481 3994 598 4069 Gessea
614 3992 654 4085 iu.
668 3992 845 4081 sanguinem
861 3995 983 4057 mutatae
997 4005 1060 4054 non
1074 3989 1204 4065 tument.

158 4098 460 4175 emmaum.
488 4180 497 4198 ·
1089 4176 1117 4229 w
