2708 4846
140 443 189 497 178
357 480 365 487 -
542 441 589 492 DE
607 438 810 491 ΑΰῖΗΕΜῚᾸ

64 600 68 607 ·
201 563 457 638 sintii-Quotam
465 568 525 621 llbrl
536 572 631 635 liceum
641 583 674 621 ex
684 569 791 633 audonis
801 567 956 620 documentis
966 567 1141 621 omoeusios

176 698 246 754 rol·
268 700 304 760 ln
324 699 338 758 l
361 702 393 756 et
409 697 438 755 ll
460 695 579 773 Regum
596 692 737 772 equidem
757 709 819 754 non
839 691 1018 771 adlegantur
1036 692 1191 757 documenta

7 819 12 828 ·
139 783 275 863 antiqua,
288 799 394 846 verum
405 780 539 843 extitisse
547 781 638 842 fastus
649 778 786 859 publicos
797 777 879 841 illius
890 779 949 841 aevi
960 795 998 839 ex
1021 780 1189 855 lParal.il,

137 868 223 929 usit
239 876 270 931 et
286 868 341 942 29,
352 868 389 930 29
402 867 516 945 liquet,
530 866 726 945 Samuelqne,
741 863 861 926 Nathan
875 871 906 927 et
919 864 986 927 Gad
999 863 1108 937 horum
1118 866 1191 941 docu-

63 973 67 981 ’
138 961 307 1016 mentorum
325 962 462 1019 auctores
482 953 685 1015 nominantur.
706 953 871 1013 Auctorem
888 967 961 1012 vero
980 954 1039 1013 let
1055 954 1083 1013 ll
1095 954 1191 1033 Regum

138 1040 311 1105 adhibuisse
336 1042 517 1103 documenta
540 1040 683 1118 antiqua,
703 1045 804 1118 patet,
827 1038 910 1118 quod
932 1038 1094 1102 retinuerit
1112 1038 1192 1103 radas

137 1126 260 1208 phrases
272 1128 424 1207 antiquas,
439 1144 512 1207 quas
524 1126 557 1187 iu
571 1125 760 1187 documentis
771 1125 832 1186 illis
841 1134 1018 1206 repererat,
1035 1134 1068 1189 ut
1079 1128 1192 1208 roureio

137 1212 306 1274 hodiernam
318 1214 402 1275 diem.
415 1215 466 1275 Sic
478 1211 513 1289 (l
526 1213 602 1291 Reg.
616 1210 650 1284 li,
666 1211 704 1288 d)
725 1212 768 1272 ait
780 1210 952 1275 sacerdotes
964 1214 1098 1293 Dagords
1108 1214 1191 1295 ingre·

138 1298 257 1361 dientes
272 1300 419 1378 templum
440 1296 528 1376 hujus
552 1297 645 1369 idoli,
664 1318 681 1355 a
698 1315 760 1359 non
782 1297 898 1360 calcare
915 1299 1009 1361 limen
1030 1300 1189 1381 Dagouish

139 1405 155 1443 a
168 1387 263 1447 Azoto
274 1403 362 1464 rupae
373 1386 404 1445 in
415 1383 677 1445 budiemumdiem.
694 1406 710 1442 a
723 1385 761 1445 Et
773 1384 804 1460 (l
817 1385 893 1463 Reg.
907 1384 958 1457 27,
969 1386 1004 1463 6)
1014 1388 1123 1460 reiort,
1132 1386 1189 1451 ciri.

137 1476 231 1531 tatem
246 1470 396 1549 «siceleg
415 1469 570 1547 pertinere
592 1468 631 1530 ad
647 1485 737 1548 reges
752 1467 832 1529 luda
843 1487 932 1549 usqae
950 1471 1077 1532 addam
1091 1472 1189 1537 bremt

163 1555 250 1620 eunt.
263 1574 295 1617 ιι.
306 1555 392 1631 rsa.)

138 1555 151 1634 (
174 1643 244 1699 res.
261 1645 303 1703 lll
317 1648 349 1702 et
360 1643 403 1703 Ν
415 1640 533 1719 Regma
544 1639 675 1717 primum
691 1647 829 1700 narratur
840 1641 966 1703 historia
978 1642 1195 1715 salomoniaci

137 1730 210 1792 dein
226 1729 369 1792 continuo
380 1727 511 1789 citantur
523 1726 614 1788 fastus
626 1726 742 1806 publici
756 1743 863 1806 regum
877 1728 956 1789 Juda
978 1736 1010 1790 et
1023 1732 1128 1805 lsrael,
1141 1730 1197 1794 tort

137 1817 287 1878 veiorum
305 1812 417 1874 dionem
430 1829 529 1891 repam
546 1810 626 1873 Judu
639 1820 666 1872 et
678 1813 783 1873 Israel.
797 1814 913 1874 Auctor
930 1814 971 1874 lll
991 1823 1023 1876 et
1036 1818 1079 1875 Ν
1095 1820 1196 1900 Regu!

136 1903 249 1982 pariter
270 1919 308 1964 ex
328 1899 516 1963 docrrmentis
540 1899 606 1961 istis
628 1899 776 1977 antiquis,
797 1899 907 1978 quibus
932 1918 1002 1963 ursus
1028 1911 1091 1976 est,
1112 1906 1197 1969 varin

136 1990 259 2070 phrases
277 1986 413 2066 antiquas
431 1986 558 2046 retinuit
575 1985 641 2046 :sic
660 1985 719 2061 (lll
735 1988 812 2065 Reg.
830 1987 868 2057 9,
885 1988 942 2066 21)
962 1990 1006 2051 ait
1021 1991 1197 2057 Salomonem

137 2076 236 2138 varios
257 2074 385 2154 populos
406 2072 585 2133 chananaeos
609 2070 779 2133 reddidisse
793 2073 962 2136 tributarios
978 2094 1069 2157 aspare
1083 2079 1115 2139 ιἰι
1134 2078 1198 2141 dien

137 2162 220 2221 haue.
244 2159 369 2220 Phrasin
393 2156 472 2217 hanc
497 2173 559 2217 non
577 2173 643 2217 esse
665 2157 796 2217 auctoris
816 2157 963 2222 librorum
987 2170 1090 2242 patet,
1110 2164 1195 2245 quod,

137 2245 255 2323 quando
267 2244 333 2303 haec
343 2242 462 2320 scripsit
471 2241 546 2303 nulli
556 2242 660 2321 pupuli
671 2242 797 2323 amplius
806 2244 923 2308 ludaeis
936 2248 1088 2311 tributarii
1098 2258 1195 2325 esseut,

138 2330 265 2409 eoquod
274 2345 367 2407 regna
376 2327 464 2388 Judae
479 2335 509 2388 et
522 2328 640 2390 lsraiilis
653 2336 717 2389 tum
734 2328 885 2393 destructa
899 2341 995 2395 eraut.
1009 2336 1049 2395 111
1061 2336 1138 2417 Reg.
1156 2330 1196 2412 li',

138 2415 294 2478 rodiciti«
304 2413 442 2475 Recessit
451 2413 569 2475 lsradla
580 2412 667 2475 domo
677 2414 774 2476 David
784 2433 873 2494 usque
883 2419 1091 2498 representem
1100 2424 1196 2487 dieras

137 2500 201 2578 (Ν
216 2502 293 2581 Reg.
305 2500 339 2569 8,
357 2498 415 2575 22)
437 2517 454 2555 u
467 2500 621 2570 Recessit,
641 2500 755 2579 inquit,
778 2501 891 2573 Edom,
905 2522 945 2565 ne
962 2514 1042 2569 esset
1056 2508 1113 2571 sub
1131 2510 1198 2575 inm

138 2610 154 2647 n
168 2604 256 2666 tuque
268 2584 391 2645 uddiem
403 2584 486 2646 bure.
499 2605 515 2643 a
529 2587 582 2663 (Ν
592 2587 668 2667 lleg.
682 2586 728 2659 lt,
742 2587 778 2648 ii
787 2590 814 2668 ):
829 2609 845 2647 a
855 2590 960 2652 Noluit
968 2593 1065 2668 Deus,
1079 2597 1136 2671 ait,
1147 2598 1198 2663 dle·

137 2694 153 2732 a
166 2671 475 2751 perdere..ludaeos....
488 2689 577 2752 usqae
587 2673 618 2733 ιἰι
627 2691 756 2751 presens
769 2683 877 2755 tempas
892 2698 908 2735 a
919 2678 1023 2755 (conr.
1038 2700 1070 2744 n.
1085 2678 1170 2766 183).

172 2761 278 2906 capium
287 2756 324 2819 {9
338 2762 369 2819 et
380 2757 418 2819 20
430 2759 471 2818 Ν
483 2760 601 2840 Regum
613 2759 769 2842 desumpta
781 2771 850 2824 sunt
863 2780 900 2825 ex
912 2765 997 2828 lsaiae
1011 2768 1060 2849 (o.
1073 2769 1123 2846 di,
1134 2768 1199 2836 a&

136 2852 168 2907 et
180 2845 236 2908 ed
275 2886 285 2906 .

172 2931 249 2994 Cum
261 2844 334 2993 )vero
347 2931 469 3010 antiqno
482 2931 540 2993 istu
562 2948 627 2994 aevo
647 2932 804 2995 extiterint
816 2940 899 2999 varta
913 2943 1025 3020 scr1pta
1043 2944 1199 3028 Pnophau·

134 3036 216 3089 rum,
232 3034 300 3096 quae
312 3024 416 3097 postea
432 3018 591 3099 perierunt
611 3019 706 3098 (conl.
729 3037 760 3081 n.
779 3021 816 3082 25
828 3022 854 3098 ),
873 3026 995 3088 videtur
1007 3039 1113 3093 auctor
1124 3034 1200 3095 lllrt

134 3104 177 3164 Ν
190 3106 266 3184 aeg.
278 3104 364 3168 macc
385 3105 505 3184 scriptis
521 3124 591 3169 usus
604 3123 686 3180 esse,
701 3124 738 3170 eo
752 3111 866 3190 magis,
883 3113 963 3191 quod
978 3114 1010 3175 in
1025 3114 1112 3181 hisce
1124 3116 1199 3181 libri

135 3192 266 3254 occurrit
286 3211 351 3254 mos
374 3190 588 3273 prophetarum
610 3195 712 3257 omnia
729 3197 793 3260 lieo
816 3198 991 3265 immediate
1015 3202 1200 3270 adscribendi

135 3278 234 3357 (coni.
248 3298 278 3340 n.
292 3278 347 3341 alo
357 3279 380 3351 l.

379 3415 487 3483 sbvlll.
496 3441 526 3456 -
536 3419 600 3471 uos
612 3421 717 3483 quatuor
726 3421 844 3473 librorum
855 3425 959 3489 Regum.

171 3551 241 3608 186.
258 3550 290 3610 Sl
305 3556 431 3627 quatuor
443 3550 476 3611 hi
492 3551 565 3611 libri
582 3553 620 3614 ab
637 3572 697 3616 uno
711 3555 878 3637 eodemque
903 3567 1027 3623 auctore
1042 3564 1200 3647 cumcdptl

137 3636 270 3709 buerunt,
287 3642 357 3697 ante
381 3636 586 3716 captivitatem
597 3639 823 3720 babylonicam,
838 3663 904 3724 quae
916 3648 957 3706 Ν
967 3649 1045 3729 lieg.
1055 3650 1093 3713 23
1106 3670 1202 3719 narra·

136 3729 195 3796 tur,
209 3721 337 3783 absoluti
360 3739 420 3782 non
434 3721 565 3788 luerunt.
591 3726 666 3790 Cum
682 3745 755 3789 uero
767 3740 872 3793 auctor
888 3734 929 3792 Ν
946 3735 1022 3814 lieg.
1036 3738 1092 3812 23,
1118 3736 1201 3801 27³2

133 3809 259 3881 referat,
279 3809 317 3871 ab
335 3808 579 3886 Evilmerodach,
599 3814 833 3893 Babyloniorum
847 3836 938 3899 rege,
957 3823 1118 3887 Juaohimo
1139 3824 1201 3907 regi

134 3894 232 3965 Judae,
245 3896 280 3955 57
291 3913 368 3957 anno
378 3896 561 3977 captivitatis
572 3899 763 3983 babylonicae
776 3906 951 3969 libertatem
961 3926 1027 3973 esse
1040 3912 1198 3987 redditam,

135 3978 175 4040 de
188 3990 284 4045 morto
301 3989 401 4044 autom
424 3984 576 4047 Joaohimi
588 3988 668 4051 nihil
679 3988 775 4069 dicat,
795 3993 918 4061 videtur
934 4013 1010 4082 opus
1025 4015 1113 4065 suum
1127 4004 1200 4067 'onio

133 4073 262 4135 morem
272 4067 360 4154 hujus
371 4071 453 4156 regis
467 4070 643 4143 absolvisse.
