2708 4846
146 461 193 509 oto
446 459 490 506 br
507 457 625 506 texult
643 454 685 504 ΕΤ
701 455 941 504 tensionibus

146 553 263 614 sixtina
277 558 308 612 et
321 551 514 615 clementina
533 550 649 610 nmlum
664 564 806 627 umquam
824 548 975 608 mendum
992 547 1151 609 detectum
1161 549 1223 622 luit,

145 637 226 715 quod
238 637 349 716 dogma
361 636 485 715 aliquod
495 644 546 697 aut
557 652 658 696 mores
668 633 865 712 respiciebat.

181 727 276 785 Lucas
288 724 451 801 brugensis
471 723 628 803 plusquam
641 720 724 794 boob,
740 729 771 782 et
782 721 916 782 lsidorus
930 718 1140 782 Clarissimo
1149 736 1223 781 meo·

143 808 292 871 demmin
304 809 435 887 vulgata
446 816 550 870 extare
564 808 721 876 dixerunt;
736 813 767 867 at
778 823 816 866 ex
829 806 996 867 collatione
1012 805 1220 886 vulgntaeeuu

142 895 205 957 suis
218 895 360 961 lontibus.
373 894 591 972 codicibusque
600 892 732 971 antiquis
741 897 839 971 patet,
848 890 968 951 nullum
978 906 1065 962 esse,
1074 891 1158 971 qood
1166 906 1221 953 ren

129 980 372 1042 ‚substantialem
381 980 536 1061 respiciat.

221 1144 534 1213 §xxxo-necnon
544 1145 718 1196 munium
731 1142 1151 1205 strenuissimum
1212 1110 1222 1189 .’

177 1297 249 1350 606.
262 1293 338 1356 Cum
350 1293 461 1353 saeculo
475 1293 692 1354 decimosexto
703 1291 807 1351 multae
821 1291 979 1352 versiones
991 1292 1152 1369 utriusque
1161 1292 1218 1354 l'e·

140 1379 222 1439 deris
228 1377 506 1450 circumferrentur,
520 1395 645 1455 quarum
658 1377 727 1437 aliae
739 1393 757 1437 a
770 1376 947 1445 Catholicis,
959 1376 1031 1436 aliae
1044 1377 1087 1436 ab
1100 1376 1216 1438 Acatbo·

137 1462 208 1522 licis
229 1463 375 1522 conlecto
398 1469 501 1533 erant,
525 1463 790 1538 Protestantesque
812 1462 996 1521 versionem
1012 1461 1215 1540 Vulgatamex

137 1547 283 1607 Ecclesiis
295 1548 499 1616 eliminarent,
510 1547 682 1608 Concilium
694 1546 907 1606 Tridentinum
924 1545 931 1567 ¹
947 1546 1050 1607 edixit
1065 1565 1073 1603 :
1089 1569 1105 1602 u
1119 1548 1214 1607 sanda

138 1651 155 1687 u
168 1633 300 1710 synodus
317 1632 513 1693 considemus
526 1650 587 1692 non
599 1650 705 1711 parum
722 1631 862 1691 utilitatis
882 1631 1036 1691 accedere
1059 1649 1148 1711 posse
1164 1634 1213 1693 lic·

136 1737 154 1775 u
166 1718 268 1780 clasiae
281 1720 353 1788 Dei,
368 1720 393 1779 si
407 1736 445 1779 ex
457 1720 597 1779 omnibus
606 1720 718 1780 Lutum
730 1719 915 1779 Editiombus
924 1735 995 1795 quae
1007 1717 1213 1780 circumtenet·

136 1824 153 1861 o
166 1812 216 1864 tut·
234 1807 395 1865 Secromm
416 1805 591 1874 Libmrum,
604 1822 743 1882 quaenam
761 1821 817 1884 pro
837 1802 1015 1864 authentica
1028 1805 1072 1866 sit
1084 1803 1212 1865 habenda

135 1889 347 1963 »innotescat
367 1893 486 1961 statuit,
505 1899 537 1951 et
554 1890 701 1961 declaret,
716 1898 750 1949 ut
767 1889 834 1949 lraeo
850 1890 916 1968 ipsa
929 1889 1028 1949 vetus
1046 1898 1079 1951 et
1095 1892 1211 1970 Vulgata

135 1996 151 2033 o
163 1978 276 2050 Editio,
291 1997 358 2056 quae
378 1979 470 2056 longo
483 1986 529 2038 tot
545 1979 723 2039 saeculorum
742 1996 797 2038 usu
814 1978 846 2036 in
864 1979 928 2054 ipsa
941 1977 1086 2038 Ecclesia
1096 1978 1210 2059 probata

132 2082 150 2119 u
164 2073 225 2136 est,
239 2065 271 2126 in
288 2066 420 2145 publicis
436 2066 636 2135 lectionibus,
655 2064 927 2144 disputationibus,
946 2062 1210 2142 praedicationibus

132 2168 149 2204 n
163 2158 195 2209 et
214 2153 452 2231 expositionibus
469 2169 526 2230 pro
545 2151 720 2211 authentica
741 2150 902 2222 habeatur,
918 2157 951 2210 et
969 2157 1004 2210 ut
1026 2168 1117 2212 nemo
1132 2150 1207 2211 illan

132 2238 291 2314 »rejicere
305 2239 411 2315 quovis
423 2245 573 2316 praetextu
583 2239 693 2298 audeat
704 2238 755 2298 vel
766 2244 936 2316 praesumat.
953 2258 969 2291 n

166 2322 296 2381 Decreto
309 2322 494 2400 praecedenti
508 2324 612 2382 statuit
632 2344 639 2381 :
655 2344 670 2378 o
685 2324 717 2384 Si
735 2325 803 2401 quis
814 2332 914 2383 autem
927 2323 1029 2384 libros
1043 2325 1125 2404 ipsos
1135 2325 1205 2386 inte·

130 2426 147 2462 o
162 2422 232 2484 gros
253 2424 320 2466 cum
342 2407 482 2467 omnibus
498 2409 561 2468 suis
579 2409 730 2486 partibus,
757 2416 845 2488 prout
858 2409 889 2468 in
903 2409 1048 2471 Ecclesia
1060 2411 1203 2474 Catholici

129 2491 221 2570 »legi
234 2500 471 2563 consueverunt,
486 2494 561 2553 etin
574 2495 681 2554 veteri
694 2497 823 2575 vulgata
833 2494 978 2555 Editione
990 2494 1147 2560 habentur
1156 2516 1201 2579 pro

128 2579 249 2640 »sacris
262 2588 294 2639 et
304 2579 458 2640 canonicis
470 2597 531 2639 non
544 2583 745 2659 susceperit...
755 2580 916 2661 anathema
923 2582 974 2642 sit.
991 2602 1010 2640 n

162 2664 207 2724 Eo
221 2665 286 2743 ipso
299 2664 394 2744 igitur
406 2665 516 2741 quoda
529 2666 710 2726 Tridentino
719 2667 857 2730 Concilio
867 2667 1000 2745 Vulgata
1011 2668 1199 2732 declarataslt

126 2753 299 2813 authentica
321 2769 375 2813 seu
396 2754 606 2813 auctoritatem
623 2753 750 2824 iaciens,
764 2753 938 2831 nullunque
952 2755 1070 2817 librum
1080 2766 1130 2819 aut
1141 2776 1197 2838 par-

124 2847 188 2900 tem
206 2839 335 2916 rejicere
348 2839 454 2910 liceat,
471 2840 607 2916 sequitur
624 2840 795 2901 versionem
807 2839 886 2900 hane
899 2842 1003 2917 quood
1028 2845 1196 2907 substantia-

123 2925 164 2984 lia
179 2940 244 2984 esse
264 2924 396 2984 lontibus
415 2924 617 2993 conformem,
637 2925 680 2984 ita
693 2945 708 2980 o
722 2932 755 2983 ut
766 2925 849 2983 nullo
861 2924 1016 2988 deloedata
1029 2929 1071 2989 sit
1089 2947 1191 2996 errore,

124 3028 141 3065 u
155 3025 193 3068 ex
214 3026 274 3086 quo
292 3009 498 3088 perniciosum
519 3010 642 3087 aliquod
658 3009 767 3088 dogma
784 3010 817 3069 in
830 3007 890 3070 lide
909 3019 941 3070 et
952 3014 1096 3076 moribus
1105 3014 1190 3093 colligi

122 3113 139 3150 u
152 3095 260 3174 possit,
275 3115 291 3151 u
305 3102 337 3153 ut
351 3097 451 3173 vegas
463 3095 622 3173 theologus
635 3095 791 3174 hispanus,
805 3096 856 3172 qui
867 3096 1009 3159 Concilio
1023 3100 1191 3162 Tridentino

120 3179 272 3249 interfuit,
285 3179 445 3255 loquitur².
460 3180 616 3258 Synodum
626 3180 837 3240 Tridentinam
847 3180 930 3240 dieto
939 3199 1035 3243 sensu
1044 3186 1191 3266 Vulgatan

120 3265 231 3326 dixisse
253 3263 458 3323 authenticam
477 3266 592 3343 pariter
612 3272 736 3325 testatus
754 3271 800 3325 est
818 3265 992 3327 Cardinalis
1006 3284 1024 3328 a
1036 3272 1069 3330 S.
1089 3270 1188 3342 Cruor,

119 3351 171 3428 qui
191 3355 224 3409 ut
243 3349 360 3426 legatus
382 3349 511 3409 Romani
531 3350 685 3410 Pontificis
703 3351 831 3411 sessioni
848 3359 964 3427 quartae
979 3351 1188 3425 ConciliiTri1

117 3434 237 3496 dentini
249 3433 382 3513 praeiuit,
394 3441 425 3492 et
437 3441 541 3511 postea
554 3435 610 3494 sub
620 3436 742 3495 nomine
755 3435 892 3495 Marcelli
904 3439 1035 3499 secundi
1049 3443 1189 3504 Romanas

116 3520 255 3582 Pontifex
274 3520 345 3589 luit,
361 3527 451 3597 prout
469 3521 562 3580 refert
581 3521 742 3584 Androclus
758 3523 917 3602 theologus
932 3527 1019 3603 regis
1036 3528 1188 3592 Lusitania

115 3608 153 3670 ad
165 3607 336 3672 Concilium
348 3595 587 3667 Tridentinum³.

120 3754 126 3771 ,
150 3694 240 3772 erod
261 3711 334 3754 vero
356 3692 569 3755 authenticitas
589 3696 727 3774 vulgatae
745 3713 807 3757 non
829 3697 966 3759 involvet
989 3703 1186 3766 exelmionenr

113 3780 291 3841 mendorum
311 3780 343 3838 in
366 3779 504 3857 dogmata
528 3787 560 3839 et
578 3798 678 3842 mores
698 3799 758 3842 non
779 3781 990 3855 influentium,
1011 3797 1098 3865 patet
1116 3785 1185 3868 quod

113 3863 284 3926 Concilium
296 3864 507 3924 Tridentinum
517 3866 677 3944 vulgatam
687 3866 887 3929 declaraverit
898 3868 1186 3946 authenticam,licet

142 4002 225 4054 *Sese
236 4007 259 4054 o.
273 4010 369 4056 Decret.
380 4009 404 4056 2.
418 4036 446 4045 -
457 4007 470 4044 ²
481 4012 558 4072 vegos
572 4013 607 4062 De
618 4013 723 4063 lustlic.
736 4014 754 4062 l.
769 4013 811 4074 lo,
822 4027 843 4062 c.
859 4015 883 4063 9.
895 4040 924 4052 -
936 4013 1068 4069 liodrad.
1078 4019 1184 4070 &lensio

111 4074 259 4123 Tridentinae
271 4077 328 4124 lidei
344 4089 369 4136 p.
381 4079 435 4127 561.
