2708 4846
421 471 426 479 ’
475 497 658 549 nrunonuu
677 498 879 551 stcnonuu.
1164 485 1237 547 ω’

178 590 211 652 2⁰
221 590 257 655 C·
276 588 314 651 ld
330 591 461 651 occurrit
480 591 545 654 laus
563 593 793 671 prophetarum,
805 593 858 670 qui
874 589 928 652 diu
941 596 1010 671 post
1022 588 1213 652 Salomonem

142 679 293 741 vixemmt.
306 677 382 755 Quis
393 694 465 738 vero
477 677 535 739 iste
547 681 635 739 Jesus
647 679 738 739 inerit
748 679 828 741 haud
839 684 964 739 constat.

184 764 274 825 AEtas
288 770 387 823 autem
401 761 490 840 hujus
504 763 576 824 libri
597 765 752 843 colligitur
767 764 896 836 exinde,
916 763 997 843 quod
1018 763 1068 842 qui
1087 781 1154 825 emn
1174 779 1212 824 ex

140 850 265 913 hebraeo
279 851 311 911 in
322 867 452 929 grauem
466 851 578 911 idioma
591 852 733 922 traduxit,
748 852 781 911 in
793 851 968 930 prelatione
979 851 1053 911 libri
1070 850 1164 919 dicat,
1177 867 1211 912 se

141 952 207 999 esse
217 937 349 998 auctoris
360 943 517 1016 nepotem,
526 953 619 1014 seque
629 944 766 1016 tempore
776 936 932 997 Ptolemaei
941 937 1099 1014 Euergetis
1108 938 1156 998 avi
1165 937 1211 998 sui

139 1021 252 1083 librum
265 1021 441 1083 traduxisse.
455 1023 521 1082 Duo
534 1032 634 1082 autem
644 1022 765 1082 luerunt
776 1021 932 1082 Ptolemaei
943 1023 1123 1101 Euergetes,
1137 1042 1211 1100 quo·

141 1124 208 1168 rum
224 1108 341 1187 primus
359 1106 397 1166 ab
421 1124 499 1168 anno
517 1107 572 1168 att
583 1125 677 1185 usque
688 1108 727 1169 ad
738 1126 848 1169 annum
860 1107 931 1178 lli,
950 1115 982 1168 et
996 1108 1121 1169 alterab
1132 1126 1211 1169 anno

142 1192 196 1253 ttt
204 1210 301 1271 usque
312 1191 350 1254 ad
356 1208 467 1253 annum
478 1190 532 1253 lid
539 1200 610 1254 ante
619 1194 772 1257 Christum
780 1201 952 1273 regnarunt.
959 1192 1134 1255 Communis
1143 1211 1211 1256 sen-

141 1279 236 1341 tentia
247 1280 321 1351 lert,
336 1279 532 1359 interpretem
542 1295 674 1358 groemm
684 1280 740 1342 sub
752 1280 810 1341 hoc
819 1280 924 1339 ultimo
937 1297 1009 1360 rege
1022 1279 1147 1351 vixisse,
1158 1280 1211 1340 alii

139 1372 240 1426 autem
250 1371 401 1435 auctores,
415 1382 484 1424 eum
495 1365 551 1425 sub
563 1366 659 1443 primo
671 1365 834 1426 Ptolemaeo
846 1366 1004 1426 collocant.
1019 1366 1141 1429 Additis
1151 1367 1211 1452 igi·

139 1458 188 1513 hrr
199 1451 316 1512 duabus
329 1451 592 1530 generationibus,
606 1469 672 1529 quaa
691 1452 771 1511 inter
787 1469 875 1513 avum
895 1453 967 1513 libri
985 1462 1157 1528 auctorem,
1171 1465 1211 1517 'et

137 1546 284 1618 nepotem
302 1536 365 1614 ejus
383 1537 605 1608 translatorem,
625 1538 820 1609 cilluxertmt,
841 1546 913 1599 aetas
936 1539 1008 1599 libri
1026 1541 1154 1603 refertur
1170 1543 1210 1604 ad

138 1618 232 1685 finem
243 1624 327 1686 tertii
337 1623 386 1684 vel
398 1623 523 1684 secundi
535 1625 637 1686 saeculi
646 1633 716 1686 ante
726 1625 878 1689 Christum
889 1634 1001 1686 natum.

175 1712 290 1772 Textus
307 1709 446 1771 hebraeus
465 1709 552 1788 hujus
571 1711 643 1770 libri
662 1711 716 1771 diu
738 1712 914 1792 deperditus
938 1721 999 1783 est,
1023 1714 1123 1775 versio
1145 1714 1209 1792 ejus

138 1796 243 1867 latina,
256 1797 430 1875 invulgata
449 1804 564 1867 extans,
578 1812 595 1856 e
607 1796 797 1858 traductione
814 1814 913 1877 greca
932 1798 1103 1873 descendit,
1121 1815 1209 1879 aqua

139 1883 319 1964 quandoque
330 1882 491 1961 discrepat.

370 2020 386 2088 s
400 2022 502 2069 cxrssv.
514 2046 543 2056 -
553 2022 729 2084 Argumentum
739 2021 796 2071 libri
807 2023 977 2075 Ecclesiasticl.

174 2134 248 2192 313.
260 2131 354 2192 biber
369 2131 574 2191 Ecclesiastici
594 2131 626 2190 in
643 2139 705 2192 tres
719 2141 820 2212 partes
834 2133 930 2196 dividi
942 2141 1051 2212 potest.
1066 2137 1209 2219 inprime

136 2226 238 2300 parte,
253 2235 320 2297 quae
334 2234 352 2277 a
367 2235 393 2277 c.
412 2216 472 2277 l-e.
490 2216 527 2274 05
540 2217 727 2288 extenditur,
742 2226 855 2289 auctor,
865 2221 1028 2298 proverbia
1043 2223 1209 2289 Salomonis

137 2307 281 2377 imitatus,
292 2301 483 2366 commendat
499 2303 691 2382 sapientiam,
703 2321 739 2365 ac
750 2314 902 2385 praecepta
910 2309 1208 2374 morumhominibus

138 2391 269 2470 cujusvis
279 2389 375 2450 aetafis
385 2434 394 2461 ,
406 2405 493 2449 sexus
505 2404 541 2448 ac
553 2389 737 2451 conditionis
749 2392 849 2452 tradit.

173 2481 208 2540 ln
226 2477 359 2542 secunda
374 2483 477 2557 parte,
495 2493 561 2553 quae
580 2494 606 2537 c.
628 2477 705 2538 lite
720 2478 757 2539 50
770 2480 1011 2564 comprehendit,
1031 2484 1133 2548 laudat
1150 2487 1208 2548 Pa-

136 2565 298 2634 triarchas,
311 2563 444 2640 aliosque
456 2562 593 2624 celebres
604 2564 742 2642 majores.

172 2652 263 2713 Parte
272 2650 363 2710 tertia
372 2666 426 2711 scu
436 2666 463 2710 c.
474 2648 507 2708 er
520 2650 651 2709 occurrit
659 2651 792 2710 oratioet
800 2652 966 2714 enltortatlo
976 2655 1014 2716 ad
1024 2662 1205 2735 sequendam

135 2736 325 2817 sapientiam.
617 2812 626 2818 g
704 2815 705 2818 Ἴ

172 2823 278 2885 Lectio
290 2823 379 2902 hujus
390 2822 526 2903 praeclari
535 2821 608 2881 libri
618 2837 779 2898 numquam
791 2823 862 2881 satis
876 2824 1079 2888 commendari
1092 2835 1205 2910 potest,

104 2924 107 2929 ’
138 2912 305 2991 praeaertim
317 2911 392 2973 viris
402 2909 613 2973 ecclesiasticis
626 2909 716 2978 (conl.
731 2927 761 2970 n.
773 2909 861 2969 dit-56
872 2919 903 2971 et
914 2911 1058 2991 tlt-tat).

476 3044 516 3091 DE
531 3041 628 3089 tlltltls
642 3040 871 3091 PROPBETARUM.

282 3140 300 3219 S
310 3153 398 3204 CXXV.
410 3178 440 3190 -
449 3148 486 3202 De
494 3152 632 3215 Prophetis
643 3152 792 3214 generatim,
805 3153 871 3201 etde
884 3165 969 3202 earum
979 3167 1060 3217 scopo.

174 3272 249 3334 dll-
267 3274 486 3354 Prophetarum
505 3272 578 3333 libri
599 3272 808 3333 incertitudini
831 3291 934 3333 eorum
953 3281 1107 3337 auctorum
1126 3276 1222 3343 haud

134 3362 305 3441 subiacent,
326 3379 394 3422 cum
414 3364 475 3422 sint
496 3362 627 3432 illorum,
653 3361 760 3438 quibus
781 3363 995 3423 inscribuntur.
1016 3364 1209 3430 Collocantur
1244 3398 1246 3403 ·

135 3448 306 3531 prophetiae
322 3447 521 3508 communiter
538 3448 570 3507 in
583 3447 698 3508 duabus
712 3447 866 3519 classibus,
878 3468 1001 3527 quarum
1010 3453 1105 3531 prima
1114 3458 1209 3519 conti-

136 3540 192 3596 net
209 3533 393 3615 prophetias,
409 3534 576 3617 longiores,
603 3541 635 3592 ct
657 3550 782 3608 quarum
801 3544 938 3597 auctores
966 3536 1036 3598 ideo
1063 3547 1209 3600 vocantur

135 3621 297 3701 Prophetae
307 3620 453 3699 dejeres,
468 3637 503 3681 ac
512 3627 581 3679 sunt
589 3637 712 3680 nmnero
723 3629 858 3698 quatuor.
871 3624 1009 3685 Secunda
1015 3625 1116 3685 classis
1125 3643 1208 3686 com-

134 3708 281 3791 plectitur
293 3708 466 3787 prophetias
475 3708 622 3778 minores,
637 3715 668 3768 et
681 3725 783 3768 earum
795 3719 932 3770 auctores
945 3712 1015 3771 ideo
1032 3729 1209 3792 nuncupari.

136 3794 493 3879 tanrophetacatiuorcs,
503 3801 592 3870 atque
601 3801 798 3856 suntnumero
808 3796 977 3858 duodecim.
989 3797 1079 3875 Apud
1086 3798 1207 3863 Graecos

135 3882 297 3967 Prophetae
312 3882 445 3943 minores
456 3881 630 3961 praecedunt
643 3883 788 3960 majores,
802 3890 833 3942 et
846 3884 925 3963 apud
942 3885 1064 3944 Latinos
1079 3886 1225 3965 majores·

133 3972 269 4055 plantum
286 3968 557 4047 locum'occupant.
572 3968 731 4029 sexdecim
746 3968 779 4027 hi
796 3969 955 4049 Prophetae
970 3969 1136 4031 floruerunt
1152 3973 1208 4034 500

134 4060 287 4121 morum
305 4054 413 4132 spatio,
432 4054 513 4131 quod
531 4054 571 4115 ab
590 4053 663 4115 Osia
682 4072 865 4135 regensque
882 4054 921 4117 ad
941 4054 1222 4125 reaedifioationcm·

134 4139 743 4237 tpnplieturbisllierosolymaeellluxit.
1187 4155 1191 4189 ³
