2708 4846
210 473 255 522 bn
274 471 503 522 nonnentnus
523 472 565 522 AG
584 472 722 522 NUMHIS
741 471 972 521 HEBHAEORUM
1090 467 1136 518 idi

56 568 194 668 quinque
215 566 357 627 denarios
378 565 525 643 (deniers)
546 571 578 627 et
594 566 717 625 tertiam
735 565 852 626 denarii
869 570 987 643 partem
1005 571 1136 624 monetae

57 653 196 798 81¹¹Slilgeus
208 754 282 797 vero
294 753 417 805 aureus,
431 736 496 816 poti
509 735 589 806 auri,
603 734 686 795 vaiet
697 733 809 813 viginti
823 740 883 795 tres
903 734 997 795 libras
1014 733 1139 814 gallicas

56 823 193 899 (liores),
216 828 345 899 quatuor
364 837 445 882 asses
463 821 572 898 (sois),
596 829 627 880 et
647 826 775 898 quatuor
800 819 942 880 denarios
958 820 1101 896 (deniers)
1116 819 1137 879 ¹.

58 911 116 969 Hae
129 915 229 968 auteur
241 907 385 968 siclorum
398 907 614 968 aestimationes
630 908 753 966 omnino
771 913 884 966 exactae
897 907 978 966 hand
992 914 1080 977 sunt,
1100 922 1138 969 eo

57 993 143 1072 quod
161 993 282 1054 diversa
298 994 339 1054 sit
356 994 476 1073 argenti
498 994 624 1071 aurique
642 994 784 1054 siclorum
795 993 927 1072 puritas,
946 999 978 1053 et
994 993 1140 1074 ponderis

56 1081 224 1143 accuratio.

302 1214 318 1282 s
333 1216 426 1263 XLVH.
438 1239 468 1252 -
477 1215 514 1263 De
524 1214 636 1264 Nummio
650 1214 714 1264 cusia
726 1215 896 1265 Hebraeorum.

97 1348 171 1403 oab.
180 1347 350 1405 Mercatura
362 1344 528 1422 antiquitus
537 1344 736 1406 exercebatur
743 1343 966 1423 permutatione
977 1345 1139 1419 mercium,

60 1434 246 1510 aliarumque
257 1449 358 1492 rerum
369 1432 537 1512 praesertim
549 1433 776 1512 superfluarum.
791 1433 898 1493 Postea
909 1441 1009 1493 autem
1018 1434 1142 1496 metalla

59 1519 198 1582 adhibita
216 1520 351 1588 iuemnt,
374 1526 479 1598 utpote
496 1535 623 1596 quorum
637 1517 721 1577 valor
740 1518 922 1579 intrinsecus
939 1518 978 1578 ab
1002 1519 1142 1583 omnibus

61 1606 291 1686 agnoscebatur.
306 1605 428 1664 Metalla
441 1604 507 1664 baec
520 1605 728 1684 origineteuus
737 1604 934 1674 secabantur,
949 1610 980 1665 et
992 1612 1074 1665 secta
1088 1621 1142 1684 ap-

60 1687 283 1768 pendebantur.
296 1685 433 1746 Tandem
449 1703 521 1746 ousa
545 1694 635 1763 atquc
653 1691 725 1744 nota
745 1685 889 1762 insignita
909 1685 1039 1745 inerunt.
1059 1686 1141 1746 AEvo

61 1772 204 1843 Homeri,
219 1771 270 1848 qui
284 1772 389 1849 quinto
403 1772 514 1831 sacculo
529 1778 598 1848 post
607 1771 744 1847 Moysen,
752 1768 983 1831 etdecimoante
989 1770 1143 1833 Christum

61 1854 181 1924 floruit,
195 1854 378 1914 commercia
394 1852 492 1913 adhuc
506 1868 563 1931 per
583 1851 734 1928 gariamm
747 1867 849 1910 rerum
867 1853 1065 1911 mutationem
1085 1866 1143 1932 po·

61 1941 211 2002 tissimum
223 1939 454 1999 exercebantur.
469 1941 619 1999 Homerus
631 1936 714 1996 enim
726 1937 829 2015 (iliad
843 1938 913 1999 Lib.
930 1938 963 2009 7,
974 1956 1004 1999 v.
1017 1938 1088 2013 iii)
1100 1936 1142 2000 da

63 2026 192 2088 Achivis
201 2024 371 2086 ementibus
379 2025 485 2085 vinnam
494 2024 591 2084 canit:

266 2161 336 2211 Atio
346 2183 383 2227 μιν
394 2163 479 2230 χαλκῷ,
490 2163 549 2210 «ilar
556 2159 653 2210 δἀιθωνι
661 2159 764 2231 ardum,

264 2238 333 2286 Atia
344 2235 368 2286 δι
379 2244 452 2303 poete,
464 2238 524 2286 aiios
532 2235 639 2288 dmin
650 2234 745 2301 βοςσσιν,

266 2314 334 2364 Atia
346 2311 523 2378 δάνδραποδεσσ
524 2335 585 2363 ......

261 2429 310 2479 Alii
323 2444 386 2491 aare,
397 2430 441 2479 aiii
453 2431 582 2492 splendido
591 2431 671 2492 terro,

262 2501 309 2548 Atii
324 2502 446 2561 pellibus,
460 2502 503 2549 aiii
514 2501 574 2562 ipsis
585 2502 678 2561 bobus,

261 2569 310 2616 Alii
324 2571 453 2628 mancipiis
469 2572 517 2616 etc.

101 2694 218 2755 Plinius
239 2691 277 2753 ad
294 2690 376 2750 bunc
388 2690 516 2750 Homeri
534 2689 636 2750 loctun
653 2689 819 2766 respiciens
838 2691 862 2762 ',
875 2694 1146 2772 scribitzeQnan·

67 2787 160 2840 atum
172 2777 301 2838 feliciori
314 2793 395 2844 aevo,
412 2792 482 2834 cum
494 2791 544 2834 res
554 2776 629 2852 ipsae
642 2776 891 2852 permutabantur
909 2779 992 2839 inter
1002 2797 1052 2848 se,
1069 2783 1147 2844 sicut

67 2885 84 2922 o
97 2873 128 2925 et
142 2862 282 2939 Trojanis
294 2860 481 2939 temporibus
491 2861 673 2928 factitatum,
687 2861 819 2921 Homero
832 2863 916 2923 credi
930 2868 1075 2926 convenit
1087 2869 1146 2930 :ita

67 2965 84 3002 a
98 2947 196 3014 enim,
216 2950 248 3003 ut
263 2943 386 3022 opinor,
396 2940 578 3000 commercia
591 2940 688 3000 victus
699 2943 796 3021 gratia
810 2943 945 3004 iuventa.
956 2946 1043 3006 Alios
1054 2949 1147 3010 coriis

67 3030 206 3098 ubuum,
221 3028 296 3087 alios
307 3027 403 3094 ferro,
416 3024 604 3102 captivisque
616 3025 708 3085 rebus
721 3027 909 3104 emptitasse,
923 3031 1015 3090 tradit
1029 3019 1051 3091 ³.
1066 3053 1082 3088 o

104 3115 174 3171 Jam
186 3118 274 3171 aetate
287 3109 419 3170 Abrabae
436 3110 579 3170 siclorum
594 3111 726 3171 occurrit
737 3113 868 3182 mentio,
884 3122 914 3173 et
925 3116 1006 3185 Gen.
1020 3117 1073 3189 at,
1096 3119 1146 3190 16,

53 3199 181 3275 'iegitur
197 3197 277 3258 hunc
294 3196 498 3257 Patriarcbam
512 3198 621 3258 emisse
639 3196 679 3257 ab
699 3199 844 3276 prrone
862 3216 1019 3280 campum,
1038 3204 1071 3263 in
1087 3224 1146 3283 qrro

67 3285 240 3347 defunctam
256 3301 340 3344 suam
357 3281 517 3361 conjugem
533 3284 637 3344 Saram
653 3285 813 3364 sepeliret,
835 3287 1050 3366 qaodmbpcutis
1067 3292 1147 3355 siclis

68 3374 183 3450 urgenti
196 3371 329 3450 probate
342 3379 461 3431 mmwtoe
474 3369 613 3449 poetico,
626 3389 682 3432 seu
695 3374 809 3450 potius,
822 3382 855 3433 ut
868 3376 945 3435 Lxx
963 3378 1148 3455 interpretes

68 3458 265 3522 conformiter
285 3458 323 3519 ad
348 3464 465 3518 textmu
487 3457 643 3519 hebraeum
662 3458 791 3532 habent,
815 3461 1045 3540 quadringentis
1065 3464 1148 3527 siciis

67 3575 167 3621 ampo.
179 3553 266 3619 δοκιμω
284 3575 395 3620 «empse,
406 3545 519 3623 urgenti
527 3544 645 3622 probati
651 3547 867 3606 aeneatoribus.
879 3548 1043 3608 Posteriori
1059 3557 1148 3612 aetate

68 3633 184 3711 ioseph
204 3649 221 3692 a
238 3633 300 3692 suis
321 3632 463 3691 iratribus
482 3628 659 3690 distenditur
681 3631 840 3691 lsmaiiitis
853 3631 964 3710 viginti
977 3635 1147 3712 argenteis,

68 3719 152 3794 juxta
165 3725 278 3776 textum
289 3715 571 3792 hebraeum,oiginti
578 3715 658 3775 siclis
670 3716 784 3793 argenti
791 3717 884 3792 (Gen.
899 3717 949 3788 57,
963 3719 1027 3791 98).

110 3802 223 3862 Verum
234 3803 267 3877 in
277 3802 325 3862 his
339 3801 485 3872 textibus,
502 3809 592 3878 atque
603 3801 636 3859 in
649 3800 721 3871 illis,
734 3801 786 3879 qui
799 3803 961 3881 posteriori
971 3803 1069 3864 adbuc
1082 3822 1147 3866 aevo

70 3888 104 3948 in
115 3889 216 3954 Libris
225 3889 318 3949 sacris
327 3895 502 3958 occurrunt,
512 3889 638 3964 queastio
649 3903 711 3947 non
725 3895 772 3948 est
783 3887 822 3948 de
831 3897 953 3949 moneta
962 3890 1000 3950 ab
1010 3892 1149 3954 Hebraeis

103 4021 217 4073 ¹Caimet
228 4037 235 4069 t
245 4025 311 4073 bret.
323 4025 355 4073 dc
373 4025 396 4072 la
413 4024 499 4085 niblo,
512 4024 560 4073 art.
577 4026 643 4074 Sicie
659 4024 720 4074 d'or.
739 4049 769 4062 -
779 4020 793 4059 ²
802 4026 881 4087 mm,
892 4027 955 4076 Hiat.
967 4029 1036 4091 Nat,
1047 4030 1091 4080 iib.
1102 4030 1150 4093 35,
1216 4072 1218 4079 .

73 4106 97 4142 e.
107 4095 128 4142 i.
141 4119 170 4131 -
181 4092 194 4129 ὃ
205 4095 273 4143 Colli.
288 4095 444 4144 Arisioielem
453 4095 537 4144 Metel.
548 4095 592 4144 lib.
604 4096 628 4157 b,
639 4107 661 4144 c.
672 4095 696 4145 8.
710 4095 736 4144 ei
746 4095 858 4154 Poliiic„
868 4097 913 4145 lib.
924 4099 947 4156 i,
963 4111 985 4147 c.
996 4100 1020 4148 6.
