2708 4846
157 455 189 531 is
560 474 828 527 nunrvrurrrre

157 573 191 626 ut
202 562 276 624 beni
297 579 316 624 a
331 564 478 625 malorum
495 567 655 630 insultibus
665 581 707 641 [ae
730 568 905 631 laesionibus
927 570 1019 632 liberi
1034 554 1151 644 esseut,
1169 579 1239 641 tmn

158 650 238 726 quod
249 650 281 710 id
291 651 403 730 oppido
416 654 620 714 neeessariam
631 662 705 726 erat,
720 644 885 737 utpopulus
894 658 1026 738 judaeus,
1039 659 1234 737 inflexibilis,

155 738 312 808 indocilis,
326 737 434 798 erebro
444 740 585 812 rebellis,
596 751 801 818 coerceretur,
814 753 845 806 et
856 746 894 806 ad
907 746 997 824 Legis
1006 745 1235 813 observantiam

154 827 338 905 adigeretur.
360 826 564 888 Falsissimrmr
584 839 686 893 autem
712 840 772 905 est,
793 835 921 911 Moysen
949 835 1047 895 Deum
1060 837 1186 899 nonnisi
1198 846 1234 901 ut

153 916 286 998 judicem
307 912 526 974 inexorabilem
551 916 710 991 exhibere3
736 917 903 998 magnificae
918 922 1001 981 enim
1021 922 1085 983 illae
1104 924 1233 1002 premis·

154 1003 254 1066 aiones
273 998 402 1070 divinae,
422 1017 495 1078 quas
510 1002 592 1063 Deus
605 1003 636 1061 in
646 1004 854 1075 ⁴Pentateucho
869 1014 934 1066 tum
950 1007 1149 1080 Patriarehis‚
1166 1017 1233 1073 mm

120 1147 123 1151 .
153 1092 224 1170 ipsis
247 1088 404 1155 Hebraeis,
421 1088 545 1160 iecisse,
563 1106 599 1151 ac
616 1093 725 1170 saepius
738 1095 897 1172 repetiisse
912 1095 1041 1173 legitur,
1058 1096 1229 1175 legislatio,

151 1186 241 1257 atque
248 1176 391 1238 deductio
401 1176 433 1236 in
443 1176 601 1254 regionem
610 1177 763 1252 chanaan,
773 1188 843 1241 sunt
851 1182 908 1242 Dei
919 1179 1068 1242 beneficia
1077 1183 1228 1262 iugentia,

151 1284 218 1343 qum
239 1265 325 1324 illum
346 1262 654 1326 beneficentissimam
678 1265 801 1342 sistrurt
844 1268 948 1348 (Deut.
969 1269 1001 1341 7,
1016 1267 1085 1338 6-93
1101 1269 1135 1342 8,
1147 1270 1228 1346 2·th

186 1436 289 1496 verba
303 1435 433 1513 adlegati
450 1440 547 1495 textus
560 1435 657 1495 Exodi
669 1435 707 1496 20
719 1435 821 1497 multis
835 1437 1022 1499 Naturalistis
1036 1454 1073 1499 ea
1086 1440 1168 1504 male
1181 1441 1227 1505 in-

148 1523 355 1603 telligentibus
368 1520 509 1598 equidem
519 1521 699 1582 offendiculo
713 1523 832 1583 luerunt
842 1541 850 1595 ;
862 1529 893 1583 at
907 1524 1110 1601 perpendenti
1123 1535 1224 1607 patet,

147 1611 201 1671 illa
213 1609 370 1671 continere
384 1625 502 1687 poenam
518 1616 676 1686 parentum
686 1609 847 1688 impiorum
858 1609 1158 1691 admonitionemque
1170 1635 1223 1696 pro

147 1716 252 1760 eorum
263 1697 408 1778 posteris;
422 1712 489 1756 cum
500 1695 581 1755 cuim
591 1694 644 1754 illo
659 1711 724 1755 aevo
733 1703 875 1775 parentes
884 1696 923 1757 de
934 1705 1016 1759 sorte
1026 1716 1223 1784 suorumpes·

146 1789 279 1847 teronms
301 1782 461 1844 admodum
477 1781 601 1843 solliciti
623 1788 736 1853 essent,
760 1783 935 1861 gravissima
954 1800 1045 1862 poena
1061 1785 1124 1849 iilis
1141 1798 1224 1865 erat,

145 1874 213 1936 'eum
225 1874 339 1935 scirent
351 1871 542 1932 charissimos
550 1886 619 1933 suos
627 1867 722 1942 lilios,
733 1877 876 1949 nepotes,
890 1879 1076 1950 pronepotes
1089 1881 1123 1936 et
1131 1877 1222 1941 abne·

143 1969 231 2040 potes
247 1960 287 2019 eb
301 1959 379 2018 mala
395 1974 447 2017 sua
460 1956 597 2036 exempla
612 1957 734 2035 impios,
751 1964 781 2016 et
795 1955 866 2016 hine
878 1959 1003 2018 miseros
1016 1957 1132 2023 lartmos
1144 1978 1219 2025 esso.

143 2050 305 2110 Moneutur
317 2054 417 2106 autem
434 2045 563 2122 posteri,
578 2052 611 2103 ut
623 2062 640 2103 a
657 2053 816 2121 parentrun
833 2045 992 2121 iniquitate
1006 2046 1067 2107 sibi
1081 2057 1218 2114 careant.

143 2135 244 2211 Quare
256 2131 370 2209 posteri
383 2147 443 2189 non
458 2129 605 2207 puniendi
619 2129 774 2199 dicuntur,
790 2130 848 2190 nisi
861 2140 1019 2208 parentum
1032 2149 1155 2194 suerrum
1167 2136 1220 2195 irn-

142 2219 288 2298 pietatem
297 2222 452 2275 sectentur
461 2220 586 2292 utpatet
601 2231 638 2273 ex
650 2215 715 2293 ipso
725 2214 817 2275 citato
831 2222 965 2286 textu,et
979 2216 1051 2278 hine
1061 2218 1219 2295 (Ezechie-

142 2305 181 2366 lis
194 2305 245 2377 l8,
265 2303 320 2380 20)
333 2301 516 2362 Deusdieit:
533 2320 549 2356 a
563 2302 656 2361 Filius
672 2319 734 2361 nou
747 2303 880 2380 portabit
900 2303 1093 2380 iniquitatem
1107 2309 1216 2388 patuis,

142 2410 160 2449 u
173 2398 204 2452 et
214 2396 302 2469 pater
318 2406 380 2448 non
392 2386 525 2466 portabit
540 2386 732 2463 iniquitatem
744 2386 799 2446 filii
818 2408 825 2446 ε
838 2388 953 2466 justitia
961 2388 1033 2465 justi
1046 2408 1140 2471 super
1151 2410 1218 2457 eunt

143 2494 159 2534 n
174 2476 246 2545 erit,
263 2482 294 2535 et
307 2474 446 2553 impietas
458 2472 549 2552 {impii
567 2472 626 2531 crit
641 2489 732 2550 super
745 2490 823 2533 eum.
839 2495 855 2531 u
871 2473 972 2551 (Cani.
994 2492 1025 2534 n.
1041 2475 1105 2554 59).

177 2562 209 2622 5⁰
224 2560 341 2629 ludaei,
356 2576 411 2640 pro
430 2558 539 2635 quibus
555 2558 676 2635 Moyses
691 2560 825 2637 scripsit,
840 2576 902 2619 non
919 2567 1005 2620 erant
1022 2560 1215 2645 philosophi,

140 2648 193 2726 qui
208 2649 305 2708 Deum
318 2651 351 2705 ut
367 2661 475 2724 purum
493 2644 631 2722 spiritum
647 2645 889 2715 considerarent,
906 2646 961 2705 sed
976 2646 1116 2710 homines
1127 2649 1216 2713 vaide

139 2735 245 2805 rudes3
268 2748 362 2810 quare
375 2737 408 2789 ut
425 2728 540 2790 abillis
556 2730 793 2809 intelligeretur,
818 2732 915 2791 Deum
939 2732 1012 2792 hine
1027 2733 1103 2795 inde
1119 2743 1216 2799 mem

139 2822 264 2899 phorice
284 2825 317 2879 ut
336 2818 489 2877 hominem
506 2817 653 2877 exhibuit.
672 2817 848 2895 Huiusmodi
866 2825 966 2878 autem
985 2819 1112 2899 phrases
1125 2822 1213 2887 modo

139 2910 205 2969 Deo
215 2908 307 2985 digno
319 2905 533 2983 intelligendas
548 2922 629 2976 esse,
646 2906 788 2966 evincunt
803 2906 861 2966 alia
871 2907 983 2984 Moysis
993 2908 1090 2982 dieta,
1104 2910 1213 2988 quibus

138 2995 197 3056 Dei
209 2994 397 3071 majestatem
406 3008 441 3053 ae
455 2991 656 3071 perfectiones
668 2992 825 3065 describit,
838 3000 871 3053 ut
879 2992 968 3069 (Gen.
984 2995 1016 3064 l,
1030 2992 1081 3070 5):
1096 2997 1212 3059 «Dixit-

139 3103 155 3140 »
168 3098 227 3160 que
239 3083 338 3142 Deus:
354 3079 421 3140 Fiat
438 3078 498 3140 lun.
517 3081 554 3139 lit
564 3079 641 3140 iacta
660 3087 705 3140 est
717 3080 786 3151 lux,
800 3099 817 3136 s
832 3096 867 3142 ae
885 3082 1042 3160 egregium
1058 3081 1124 3160 ejus
1143 3100 1213 3147 eun·

49 3230 60 3253 .
138 3169 231 3230 ticum
244 3167 358 3246 (Exod.
383 3165 434 3237 lt,
461 3165 571 3242 l-l9):
595 3185 611 3222 «
637 3166 798 3229 Cantemus
813 3167 941 3227 Domino
963 3167 1116 3247 :gloriose
1130 3171 1210 3232 enin

138 3277 154 3312 s
168 3251 376 3333 magnificatus
382 3257 441 3322 est,
453 3267 565 3328 equum
577 3257 608 3312 et
620 3267 810 3312 ascensorem
818 3250 968 3329 deiecitiu
977 3270 1094 3316 mare.»
1105 3254 1208 3334 (conl.

136 3340 226 3403 Deut.
243 3340 279 3407 t,
293 3337 403 3410 leli).

172 3424 205 3485 11⁰
221 3423 308 3484 Licet
327 3420 516 3483 caeremoniae
529 3418 657 3498 judaicae
677 3437 716 3480 ex
734 3439 768 3482 se
781 3421 859 3483 nihil
871 3430 1015 3503 praestans
1028 3426 1208 3500 habuerint,

134 3508 607 3585 voconteillosu.1>a1uoegeno
624 3508 787 3582 elementa,
805 3528 866 3571 non
886 3520 987 3572 mmen
1005 3514 1128 3577 luerunt
1140 3517 1208 3577 iuu-

134 3599 205 3659 tiles
223 3598 328 3658 Deove
340 3594 484 3671 indignae.
501 3594 586 3654 Nihil
599 3594 780 3674 impuritatis
797 3615 832 3660 ee
846 3600 1032 3662 credulitatis
1047 3604 1207 3665 continue-

134 3694 220 3757 runt,
241 3690 329 3763 prout
344 3683 540 3743 confluebant
562 3682 617 3742 ille
641 3698 707 3742 aevo
734 3684 901 3745 Gentilium
923 3691 1129 3764 caeremoniae,
1151 3690 1207 3753 sed

135 3787 249 3830 srmrma
261 3768 409 3849 sapientia
420 3784 438 3827 a
450 3770 554 3847 Moyse
566 3768 709 3829 israelitis
721 3772 904 3850 praescriptae
918 3772 1054 3846 luerrmt,
1063 3777 1207 3839 -ntdis-

134 3856 344 3932 tinguerentur
360 3870 377 3913 a
394 3853 566 3915 nationibus
582 3853 778 3917 idololatricis
784 3874 793 3927 3
805 3887 837 3899 -
852 3864 885 3917 ut
900 3861 1043 3920 continuo
1063 3863 1207 3925 recorda

134 3947 240 3999 rentur
255 3940 424 4019 ingentium
438 3941 646 4019 prodigiorum
665 3940 957 4023 beneficiorumque,
972 3946 1081 4023 quibus
1098 3964 1116 4009 a
1138 3951 1206 4015 Dee

134 4025 276 4086 cumulati
288 4028 419 4098 fuerant3
432 4058 464 4070 -
473 4034 506 4086 ut
514 4026 752 4089 distraherentau
762 4029 913 4093 aeuituae
922 4034 1113 4095 eaeremouiis
1124 4035 1208 4099 Gen·

133 4109 253 4186 tilismi,
267 4111 298 4172 in
311 4129 400 4191 quem
413 4113 501 4193 proni
516 4119 610 4177 eraut
624 4113 704 4178 Hine
717 4115 748 4176 S.
761 4114 1007 4193 chrysostomus:
1021 4119 1206 4206 sPraeeeptu
1239 4164 1244 4175 ·
