2708 4846
192 459 248 506 νιιι
637 459 826 512 narraris.
944 503 950 513 .

108 592 112 599 -
191 565 297 617 mum
308 542 478 641 Vulgatae
493 598 502 630 ,
518 544 784 634 auctoritatem,
807 544 997 627 utilitatem
1015 570 1059 622 ac
1080 569 1187 623 usum
1209 574 1274 624 ex-

189 651 319 740 hibui;
344 665 380 726 et
397 653 437 724 in
458 653 585 747 quinto
606 656 749 754 regulas
765 658 948 754 generales
969 680 1011 731 ac
1038 659 1271 754 particulares

190 762 417 859 Scripturam
442 786 585 837 sacram
608 766 676 839 rite
696 766 920 866 intelligendi
942 755 993 840 'ac
1013 768 1273 863 interpretandi

189 872 334 946 tradidi.
346 870 889 950 DifficultatesreroDeistarum
897 878 1066 951 adversus
1076 877 1273 952 Librorum

190 1004 381 1059 sacrorum
399 984 648 1059 auctoritatem
670 986 747 1059 fere
770 1009 898 1060 omnes
921 989 968 1060 ad
994 1001 1103 1083 caput
1125 991 1273 1061 tertium

189 1093 332 1192 redegi,
348 1117 434 1166 cum
446 1117 573 1165 omnes
586 1118 628 1168 eo
644 1099 812 1183 tendant,
841 1109 968 1169 utrum
988 1121 1074 1190 quae
1093 1097 1134 1171 in
1154 1097 1273 1173 Libris

190 1205 302 1280 sacris
322 1205 491 1304 leguntur
502 1205 681 1280 sintrera'.

239 1312 363 1410 Capite
380 1314 486 1387 tertio
503 1313 616 1387 evicta
634 1338 825 1389 sacrorum
848 1312 1051 1389 Bibliomm
1068 1315 1269 1405 authentia,

190 1423 238 1496 ad
248 1424 408 1522 singulos
425 1421 556 1496 Libros
568 1447 690 1497 sacros
703 1424 882 1498 distinctis
898 1425 1136 1522 paragraphis
1153 1428 1211 1524 egi
1227 1432 1272 1503 de

189 1555 318 1606 eorum
335 1533 475 1631 lingua,
493 1546 660 1620 auctore,
687 1548 812 1623 aetate,
832 1535 1058 1610 documentis
1070 1536 1211 1627 coaevis
1229 1560 1272 1610 ac

190 1641 405 1734 authenticis
426 1643 572 1736 quando
597 1643 766 1715 nonnulli
785 1640 870 1717 libri
891 1670 933 1718 ex
950 1646 995 1717 iis
1016 1659 1201 1744 constant,
1226 1650 1271 1719 de

188 1750 338 1825 illomm
355 1764 589 1851 argumento,
616 1748 747 1848 scopo,
769 1776 845 1824 non
866 1777 952 1827 raro
973 1755 1018 1826 de
1038 1754 1146 1850 stylo,
1170 1768 1205 1827 et
1227 1758 1272 1828 de

189 1858 457 1937 difficultatibus
469 1873 598 1954 atque
610 1862 657 1933 ad
672 1859 783 1933 libros
798 1860 990 1935 historicos
1000 1877 1206 1955 quantum
1230 1865 1273 1935 h

191 1971 280 2056 cuit,
296 1971 445 2066 insuper
461 1971 518 2069 egi
537 1973 581 2044 de
593 1965 664 2043 fide
680 1993 790 2082 quam
806 1970 846 2042 hi
866 1970 950 2044 libri
971 1971 1080 2045 etiam
1101 1972 1271 2046 historice

191 2080 407 2153 considerati
419 2094 617 2154 merentur.

237 2189 299 2263 Ad
310 2188 554 2287 paragraphos
570 2190 614 2262 de
627 2184 894 2261 difficultatibus
903 2188 1270 2284 ,incipiendoaPen·

188 2299 356 2373 tateucho
382 2311 418 2370 et
442 2298 689 2371 continuando
715 2321 827 2390 usque
853 2299 901 2369 ad
928 2299 1122 2394 Evangelia
1149 2301 1269 2372 inclu-

189 2409 281 2496 sive,
309 2410 356 2483 ad
378 2409 538 2505 singulos
559 2407 671 2480 libros
695 2407 907 2504 generaliter
927 2405 1071 2480 exhibui
1088 2411 1269 2505 graviores

189 2517 432 2606 difficultates,
456 2544 542 2611 quae
564 2516 658 2590 libro
679 2516 825 2591 cuilibet
844 2517 917 2590 sive
937 2517 1131 2606 aDeistis,
1154 2521 1226 2594 sive
1247 2547 1269 2594 a

76 2703 80 2709 .
134 2686 139 2691 -
189 2634 319 2705 natura
332 2630 402 2714 rei,
419 2640 668 2725 opponuntur.

236 2739 473 2815 Difficultates
490 2761 574 2816 vero
588 2738 793 2810 Deistarum
807 2739 976 2811 adversus
991 2736 1103 2810 libros
1116 2741 1264 2836 Moysis,

190 2875 276 2925 cum
294 2851 365 2922 sint
381 2872 490 2942 quarn
509 2849 701 2943 plurimae,
725 2848 859 2944 partim
880 2848 1002 2945 redegi
1018 2851 1065 2921 ad
1081 2863 1189 2945 caput
1210 2875 1270 2922 se-

189 2964 369 3044 cundum,
390 2972 424 3030 et
435 2958 570 3054 partim
584 2959 629 3029 ad
638 2971 747 3054 caput
759 2958 920 3031 tertium.
936 2958 995 3032 Sic
1009 2959 1124 3055 capite
1136 2982 1268 3031 secun-

189 3073 254 3156 do,
279 3068 428 3167 probata
446 3067 681 3164 inspiratione
702 3066 899 3140 Librorum
921 3091 1111 3141 sacrorum
1129 3070 1266 3140 Veteris

188 3205 232 3255 ac
243 3181 336 3255 Novi
350 3181 534 3265 Foederis,
550 3178 644 3251 inter
656 3178 724 3251 alia
741 3179 907 3250 examino
919 3203 961 3250 ac
974 3179 1095 3250 refello
1108 3175 1265 3252 difficula

187 3305 294 3378 tates,
322 3314 411 3384 quas
432 3289 570 3363 Deistae
588 3288 818 3382 inspirationi
838 3284 1035 3359 Librorum
1057 3309 1263 3374 sacrorum,

187 3401 398 3499 praesertim
413 3397 567 3494 Moysis,
586 3411 792 3492 opponunt,
809 3410 850 3469 ut
866 3398 911 3471 de
934 3395 1034 3469 libris
1055 3394 1265 3493 pseudota«

188 3513 261 3585 cris
282 3510 502 3607 populorum
522 3532 598 3579 ιιοιι
615 3508 914 3593 christianorum,
935 3508 979 3580 de
999 3509 1155 3580 oraculis
1177 3533 1265 3605 gen-

186 3620 327 3706 tilium,
344 3621 388 3692 de
406 3616 627 3690 carminibus
647 3615 838 3715 sibyllinis,
865 3618 910 3690 de
931 3618 1116 3690 miraculis
1137 3621 1266 3691 Penta«

187 3729 326 3813 teuchi,
361 3741 397 3803 et
426 3726 710 3824 apparitionibus
744 3727 811 3801 Dei
843 3727 1264 3823 anthropomorphiticis.

187 3840 289 3929 Num
300 3840 444 3938 Moyses
458 3831 765 3910 immortalitatem
777 3837 913 3912 animae
924 3837 1159 3934 ignoraverit?
1168 3843 1266 3912 Num

188 3950 333 4046 Moyses
352 3951 473 4023 Deum
495 3947 732 4033 nationalem,
759 3971 801 4019 ac
826 3947 972 4019 nonnisi
996 3949 1268 4020 formidandum

189 4058 373 4154 docuerit?
398 4061 498 4132 Num
522 4059 641 4131 Deum
672 4079 890 4153 corporeum
923 4058 1139 4132 crediderit?
1168 4056 1273 4137 Nurn
