2708 4846
144 466 190 514 tto
555 464 600 512 ot
619 461 820 513 auretam

143 575 210 618 cem
224 558 381 618 adcusatus
395 555 506 628 iuerat,
521 573 634 634 quare:
648 575 664 611 u
678 555 763 615 Misit
773 555 922 622 Nicanor,
935 552 979 615 eit
992 560 1102 615 auctor
1113 551 1125 628 (
1135 571 1162 617 c.·
1174 554 1202 615 ll

144 663 160 699 u
173 641 294 718 este),
307 642 420 701 milites
434 642 632 719 quingentos,
646 648 680 699 ut
693 656 764 699 eum
775 636 1095 716 comprehenderent;
1107 638 1217 718 putatu

144 747 160 784 a
175 727 271 798 enims,
285 727 311 787 si
319 727 414 794 ,illum
427 726 615 806 decepisset,
629 743 662 786 se
675 724 794 786 cladem
811 725 829 782 J
833 723 927 784 udaeis
944 723 1115 783 maximam
1131 723 1218 785 illoto·

143 829 252 873 arum.
271 813 383 872 Turltis
402 821 502 871 autem
522 812 639 872 irruere
662 813 693 871 in
715 811 839 871 domum
858 809 940 885 ejus,
959 817 992 869 et
1016 807 1143 885 januam
1165 808 1218 871 dir-

87 945 90 951 .
143 917 159 954 a
171 913 329 976 rumpere,
345 906 435 974 atque
454 898 562 974 ignem,
575 898 739 958 admovere
756 896 966 975 cupientibus,
981 913 1056 956 cum
1064 897 1128 972 jam
1144 910 1218 958 cont·

143 983 414 1062 »prehenderetur
430 982 534 1058 gladio
551 1001 585 1043 se
603 983 710 1061 petiit,
724 982 843 1060 eligens
854 981 1001 1043 nobiliter
1012 982 1095 1047 mori
1109 981 1216 1062 potios.

142 1087 160 1126 u
173 1085 262 1146 quarn
271 1069 408 1129 subditus
416 1066 482 1127 heri
493 1068 715 1147 peccatoribus,
725 1074 756 1128 et
769 1076 874 1128 contra
883 1067 1000 1146 natales
1012 1084 1085 1128 suos
1097 1062 1218 1147 indignis

142 1173 158 1210 a
172 1152 290 1230 injuriis
302 1152 363 1232 agi.
380 1153 439 1212 Sed
458 1170 527 1210 curn
542 1170 600 1230 per
615 1152 841 1212 festinationem
858 1169 920 1213 non
934 1160 1022 1229 certo
1035 1153 1101 1212 ictu
1112 1149 1218 1232 plagam

141 1256 158 1294 u
171 1237 322 1308 dedisset,
337 1245 368 1296 et
383 1237 479 1296 turbas
491 1238 570 1297 intra
588 1237 698 1296 ostium
713 1236 925 1313 inrumperent,
940 1252 1107 1297 recurrens
1120 1234 1217 1299 eudre-

142 1343 158 1380 u
173 1332 220 1384 ter
239 1324 278 1384 ad
301 1339 436 1396 murum,
456 1323 661 1402 praecipitavit
685 1324 881 1401 semetipsum
898 1322 1033 1383 viriliter
1048 1322 1085 1384 in
1103 1322 1215 1385 inritas:

142 1428 158 1465 a
172 1409 281 1486 quihus
294 1408 443 1468 velociter
462 1407 563 1467 locum
576 1407 720 1469 dantibus
736 1408 819 1467 casui
832 1404 912 1484 ejus,
925 1409 1016 1468 venit
1025 1426 1085 1488 per
1097 1407 1216 1471 medinm

142 1512 158 1549 a
171 1493 341 1562 cervicem,
362 1499 474 1551 etcum
493 1491 592 1552 adhuc
619 1493 764 1571 spiraret,
789 1509 933 1554 accensus
957 1493 1061 1553 animo
1075 1493 1214 1555 surrexit:

142 1597 158 1635 a
173 1585 203 1637 et
216 1595 283 1637 cum
296 1577 418 1655 sanguis
432 1579 497 1654 ejus
514 1593 623 1655 magno
638 1579 721 1636 tluxu
734 1577 898 1647 deflueret,
913 1585 945 1637 et
960 1578 1216 1655 gravissimisrrl·

143 1683 158 1717 a
170 1663 294 1722 neribus
308 1669 387 1721 essct
399 1663 532 1731 saucius,
546 1680 634 1722 cursu
648 1663 768 1722 turbam
786 1663 972 1742 pertransiit.
987 1663 1026 1722 Et
1042 1673 1127 1726 stans
1138 1679 1216 1744 suprt

141 1747 330 1824 »quamdam
343 1756 460 1825 petram
473 1756 670 1827 praeruptam,
686 1747 788 1826 etjam
807 1748 966 1824 exsanguis
980 1748 1125 1821 enectis,
1143 1766 1216 1811 eom·

140 1849 157 1887 u
170 1832 274 1911 plexus
293 1832 437 1892 intestina
450 1849 518 1902 sua,
539 1833 674 1910 utrisque
687 1832 827 1892 manibus
849 1832 980 1910 projecit
996 1849 1093 1912 super
1108 1832 1215 1903 turbes,

140 1915 316 2001 »invocans
329 1917 550 1979 dominatorem
564 1919 634 1978 vitre
648 1925 679 1979 et
690 1919 830 1992 spiritus,
844 1926 878 1978 ut
891 1917 956 1979 haec
969 1918 1017 1979 illi
1030 1919 1216 1982 iterumred·

140 1995 157 2059 u
171 2001 274 2072 deret3
289 2012 378 2080 atque
391 2004 433 2062 ita
447 2006 510 2064 vita
524 2004 641 2064 iunctus
655 2013 711 2064 est.
726 2025 742 2060 a

178 2090 293 2149 verum
306 2106 344 2148 nn
357 2089 387 2148 in
403 2090 651 2158 circumstantiis,
665 2089 696 2147 in
709 2089 819 2166 quibus
831 2090 939 2149 aazias
951 2097 1090 2155 versatus
1101 2091 1167 2163 intr.
1179 2092 1216 2152 illi

139 2169 227 2233 facile
249 2189 425 2251 persuasum
439 2189 504 2233 esse
518 2189 579 2233 noa
597 2172 695 2251 potuit
723 2173 886 2233 suicidium
909 2190 976 2234 esse
998 2175 1217 2239 licitumlllm

132 2256 245 2327 ,aazias
255 2257 358 2336 decipi
370 2258 450 2318 haud
464 2257 580 2337 potuit?
592 2267 643 2317 aut
657 2258 748 2318 etiam
761 2274 777 2317 a
790 2260 855 2318 Deo
867 2275 985 2318 snrnmo
996 2259 1072 2320 vitre
1083 2261 1218 2339 neeismtt

138 2342 296 2404 hominum
319 2344 442 2403 domino
463 2343 502 2403 ad
520 2342 720 2417 autochiriam
741 2343 901 2422 inspirari?
919 2344 981 2404 Sed
1003 2343 1066 2407 hoo
1088 2346 1217 2409 ultim!

136 2429 251 2490 Dcistis
263 2428 404 2488 adsonem
419 2443 545 2488 necesse
556 2426 638 2487 haud
651 2434 715 2488 est:
732 2437 837 2490 auctor
849 2428 932 2489 enim
948 2428 1022 2490 lihri
1043 2431 1150 2495 laudat
1164 2433 1218 2494 ht-

137 2515 229 2584 ziam,
244 2512 324 2590 quod
341 2513 483 2592 religioni
495 2511 625 2589 judaicae
642 2512 880 2584 addictissimus,
895 2532 932 2576 ac
948 2514 988 2575 de
1004 2516 1108 2594 patria
1123 2534 1177 2581 sna
1190 2525 1217 2579 et

137 2599 315 2658 concivibus
329 2597 409 2658 bene
428 2597 554 2657 meritus
575 2597 685 2668 luerit,¹
703 2599 784 2675 quod
802 2601 898 2659 ileum
919 2601 1083 2662 moriendo
1103 2601 1217 2667 inmu-

137 2683 235 2752 verit,
261 2690 293 2743 et
305 2682 386 2760 quod
407 2683 438 2742 iu
461 2682 593 2743 suicidio
608 2683 827 2744 committendo
847 2685 957 2746 fortem
975 2685 1218 2750 animm-exhi·

136 2767 254 2839 buerit;
268 2777 313 2830 ast
324 2788 384 2828 non
398 2768 515 2840 laudat,
526 2786 585 2829 nec
599 2777 721 2830 excusat
733 2769 797 2842 eius
810 2771 982 2832 suicidium.
998 2773 1032 2832 Si
1048 2775 1217 2837 emicho

138 2869 243 2913 manus
256 2855 307 2913 vel
320 2855 444 2912 Graecus
456 2855 577 2923 luisset,
591 2856 702 2915 heiste
717 2854 782 2932 ejus
796 2856 888 2915 aniuri
902 2858 1148 2935 magnitudinem
1165 2877 1217 2921 nott

139 2938 240 2996 miuus
261 2955 295 2997 ac
313 2937 396 2996 illam
413 2938 538 3000 Catonis
550 2938 691 3001 laudibus
709 2939 894 3001 extollerent
914 2941 1012 3018 (conl.
1034 2961 1069 3005 n.
1082 2943 1172 3008 Md
1189 2951 1217 3007 et

173 3107 217 3166 Ex
231 3107 289 3166 huc
303 3125 397 3184 usque
419 3125 476 3186 per
496 3109 596 3169 varios
615 3110 819 3190 paragraphus
833 3110 923 3172 dietis
934 3111 974 3172 de
988 3114 1166 3177 auctoribus
1175 3115 1218 3176 u·

137 3190 260 3252 brorum
281 3209 435 3252 sacrorum
456 3195 663 3254 Pentateucho
688 3197 905 3275 posteriorum,
927 3194 978 3257 aut
996 3197 1039 3259 de
1061 3209 1169 3262 eorem
1184 3215 1217 3261 et

137 3278 249 3339 coaevis
268 3277 511 3355 authenticisque
537 3279 727 3340 documentis
746 3283 957 3360 excerptione,
976 3290 1071 3362 atque
1089 3285 1133 3348 de
1150 3282 1217 3355 ide,

136 3378 226 3439 quam
247 3363 339 3422 etiarn
357 3362 501 3422 historice
518 3364 703 3425 considerati
725 3376 896 3436 merentur,
916 3368 1040 3429 illorum
1066 3370 1218 3434 suthmtir

135 3442 197 3525 jam
209 3447 324 3517 elucet,
338 3447 393 3508 sed
406 3447 445 3508 de
458 3448 523 3529 ipsa
533 3449 631 3511 adhuc
644 3451 747 3529 paucis
763 3469 800 3512 ex
816 3453 950 3531 prolesso
966 3469 1115 3532 agemus:
1132 3467 1217 3536 quere

184 3568 202 3637 3
216 3571 328 3619 ὒιΧΧΗ,
340 3596 370 3607 -
380 3572 449 3620 Libri
459 3573 523 3621 sacri
538 3575 630 3623 vetoris
645 3576 753 3654 luderis
767 3577 935 3626 Pentateucho
948 3580 1101 3640 posteriores
1112 3581 1169 3632 snut

621 3657 713 3705 genuit.
726 3678 732 3691 .

173 3738 246 3792 ttr.
260 3739 360 3798 lloscc
373 3737 467 3798 libros
481 3754 547 3798 esse
571 3743 753 3819 compositos
777 3741 816 3800 ab
839 3740 1014 3802 auctoribus
1038 3744 1153 3823 quihus
1166 3742 1216 3807 trl·

135 3820 286 3893 huuntur,
300 3822 336 3882 e'a
348 3830 436 3881 rotate
448 3838 507 3899 qua
520 3822 721 3893 collocantur,
742 3833 792 3885 aut
804 3826 927 3906 ipsimet
945 3845 1003 3907 per
1015 3847 1088 3891 suos
1100 3830 1216 3893 charte·

136 3914 217 3968 teres
241 3910 421 3969 intrinsecos
443 3924 476 3969 se
497 3909 647 3970 collocant
672 3912 792 3989 quando
814 3921 953 3975 auctores
972 3923 1045 3978 sunt
1059 3912 1213 3999 incogniti.

137 3994 288 4054 evincitur
300 4004 331 4055 et
344 4004 521 4075 argumento
537 3995 702 4070 historico,
721 4007 752 4060 et
765 4009 942 4081 argumento
960 4019 999 4065 ex
1012 4003 1137 4067 illorum
1148 4000 1214 4068 ulto·

138 4081 307 4142 racteribus
319 4079 486 4158 desumpto.
503 4083 556 4143 ho.
1199 4085 1203 4091 '
