2708 4846
137 491 168 541 ao
536 494 579 543 un
598 493 802 544 ιιιιιιιιιιιι
949 573 952 577 ἡ

127 581 265 661 (Ques.
282 585 402 648 Tuscul.
419 584 441 645 1
460 587 493 657 1,
510 602 538 648 e.
551 587 604 658 11,
618 594 649 648 et
660 604 688 649 e.
700 586 737 666 9)
750 585 788 648 de
801 584 857 646 bae
869 581 1093 644 immortalitate
1106 580 1207 645 ‹iisse-

137 688 216 733 rens.
230 691 239 730 ι
255 692 271 729 ιι
289 673 350 734 Sed
365 673 503 754 plurimi,
517 673 630 751 inquit,
643 680 748 749 eontra
763 673 913 741 nituntur,
930 671 1105 747 animosque
1117 671 1208 748 quasi

137 757 266 837 »eapite
279 756 432 821 damnatos
446 755 543 820 morte
561 761 750 822 mulctant...
765 759 840 818 Sunt
859 756 953 827 enim,
968 756 1020 835 qui
1039 754 1208 818 discessum

137 842 260 903 »animi
282 858 300 904 a
319 861 445 925 empore
464 851 571 926 putent
591 862 656 907 esse
674 852 816 914 mortem;
837 849 905 905 sunt
923 842 976 921 qui
994 840 1110 903 nullum
1131 858 1208 905 een·

137 947 156 987 ιι
167 936 253 991 aeaut
264 927 331 990 fieri
342 929 521 1002 discessum,
529 931 583 992 sed
595 946 655 991 una
666 930 797 991 animum
811 934 841 989 et
853 945 961 1008 eorpus
974 927 1131 999 occidere,
1143 928 1209 990 aui-

137 1031 155 1075 ιι
166 1033 306 1095 mumque
323 1017 355 1095 in
372 1034 498 1097 corpore
511 1017 656 1097 extingui.
670 1016 731 1093 Qui
744 1015 903 1075 discedere
916 1013 1049 1073 animum
1061 1019 1207 1085 eensent,

137 1118 158 1177 ιι
166 1101 219 1161 3111
231 1103 331 1162 statim
344 1102 497 1184 dissipari,
511 1104 562 1166 alii
577 1102 630 1163 diu
642 1117 834 1182 permanere,
849 1100 901 1160 alii
914 1115 1043 1179 semper.
1059 1119 1076 1157 ιι

173 1185 301 1266 (Quasi.
314 1190 434 1250 Tuscul.
447 1190 469 1251 1.
479 1190 497 1250 t
509 1207 536 1252 o.
545 1190 576 1270 8)
584 1190 662 1268 petit
674 1186 799 1250 Cicero:
815 1209 830 1244 ιι
838 1188 903 1258 Die,
912 1203 1104 1265 quaeso,num
1113 1184 1210 1248 teilla

137 1294 155 1335 ιι
167 1280 296 1345 terrent,
309 1276 421 1355 triceps
434 1276 515 1355 apud·
528 1276 641 1336 inferos
653 1273 815 1344 Cerberus,
829 1271 936 1351 Cocyti
948 1271 1097 1342 fremitus,
1110 1279 1210 1334 trans·

137 1356 267 1416 »vectio
276 1355 468 1426 Acherontis,
478 1357 586 1418 merito
593 1372 736 1419 summam
744 1372 827 1434 aquae
836 1355 986 1432 attingens
994 1360 1117 1415 enectus
1124 1356 1211 1414 Tan·

137 1443 262 1502 »talum
274 1463 290 1499 ιι
302 1443 339 1501 Εἰ
350 1442 507 1521 respondit
518 1443 638 1505 Atticus
651 1462 659 1504 ι
674 1463 692 1501 ιι
703 1443 831 1505 Adeone
843 1457 893 1503 me
905 1440 1037 1501 delirare
1044 1457 1163 1514 censes,
1171 1447 1208 1504 ut

138 1528 225 1589 »ista
237 1543 302 1588 esse
315 1525 483 1587 ιι3ι13ιιι1ιι

173 1613 258 1674 Idem
267 1613 384 1673 Tullius
396 1612 430 1672 in
440 1611 583 1693 Epistolis
594 1611 801 1682 familiaribus,
813 1617 844 1672 et
855 1612 888 1672 in
897 1610 1092 1673 Orationibus
1105 1626 1211 1673 eoram

137 1708 244 1764 senatu
255 1699 384 1769 habitis,
403 1699 443 1760 de
455 1699 621 1758 animaruum
632 1699 856 1759 immortalitate
873 1697 1048 1774 frequenter
1058 1696 1155 1759 dubie
1165 1698 1210 1761 lo·

138 1787 239 1863 quitur
253 1805 260 1844 :
275 1806 292 1842 ιι
305 1784 415 1862 siquis
428 1783 460 1844 in
472 1791 569 1845 morte
582 1799 686 1844 seusus
699 1788 754 1843 est.
769 1803 786 1839 ιι

137 1868 144 1876 ’
174 1873 232 1933 Ριο
245 1870 386 1933 Cluentio
399 1886 472 1931 vero
485 1870 590 1931 dicens
604 1888 612 1928 :
627 1889 643 1926 ιι
655 1868 737 1947 Quid
750 1866 938 1937 tandem,ait
948 1866 1069 1938 Cicero,
1078 1867 1126 1927 illi
1137 1868 1211 1930 mali

138 1974 249 2019 »mors
261 1957 375 2027 attulit,
388 1957 448 2018 nisi
460 1958 537 2017 torte
549 1956 674 2035 ineptiis
687 1963 719 2016 et
730 1954 837 2015 fabulis
851 1953 1043 2024 deotmunt
1055 1955 1211 2017 existimo·
1249 2027 1251 2031 ¹

139 2060 234 2104 umus
250 2041 336 2102 illinn
352 2041 432 2121 apud
449 2041 560 2101 interos
578 2041 740 2120 impiorum
756 2039 904 2120 supplicia
915 2039 1095 2119 perferre...
1109 2049 1210 2104 aetum

138 2148 158 2188 ι
170 2144 236 2189 esse
248 2125 436 2206 praeeipitem
449 2126 481 2184 in
493 2125 708 2185 sceleratorum
719 2125 838 2196 sedem,
854 2133 942 2203 atque
955 2127 1130 2206 regionem,
1144 2146 1210 2208 quae

139 2234 158 2273 ιι
169 2214 195 2274 si
211 2212 284 2272 falsa
299 2218 382 2281 sunt,
396 2210 430 2270 id
446 2210 526 2287 quod
542 2226 647 2269 omnes
658 2209 849 2289 intelligunt,
863 2211 936 2288 quid
950 2212 979 2271 ei
992 2211 1117 2275 tandem
1128 2214 1210 2279 aliud

141 2314 249 2359 »mors
262 2296 374 2374 eripuit
385 2303 497 2372 praeter
507 2311 628 2357 sensum
640 2295 771 2356 doloris?
784 2317 800 2353 ιι

176 2382 290 2444 Plinius
302 2378 400 2458 (Hist.
412 2382 480 2441 Nat.
492 2379 515 2440 1.
528 2380 558 2453 7,
571 2397 599 2441 e.
611 2380 665 2461 tt)
680 2380 819 2442 dicebat:
835 2402 850 2438 ιι
864 2384 1211 2463 Deusnonpotestmor·

140 2488 158 2529 ιι
171 2466 418 2529 talesaeternitate
425 2465 554 2535 donare
559 2473 760 2528 autrevoeare
768 2466 932 2528 defunctos.
943 2489 959 2525 ιι
966 2469 1085 2530 Etibid.
1094 2470 1206 2549 (e.dii):

141 2576 159 2613 ιι
171 2552 353 2631 Nonmagis,
361 2552 475 2630 iinquit,
485 2559 727 2616 amortesensus
738 2553 816 2615 ullus
819 2556 1207 2635 auteorporisautanimae,

141 2660 159 2699 ιι
171 2656 259 2719 quam
271 2647 340 2700 ante
352 2639 582 2701 nativitatem.»

177 2723 528 2802 Seneca(deConsolat
546 2727 584 2787 ad
596 2727 689 2788 Maro
703 2744 731 2788 e
745 2725 822 2804 t9):
837 2746 853 2782 ιι
863 2726 985 2805 Cogrta
995 2727 1109 2804 inquit,
1118 2676 1207 2792 nullis

141 2811 345 2873 »defunctum
364 2809 442 2872 allici
460 2812 557 2873 unalis
576 2813 646 2882 1113,
664 2828 731 2912 quae
749 2811 838 2871 nobis
858 2811 970 2872 interos
988 2812 1144 2876 terribiles
1164 2814 1207 2877 fa-

142 2917 159 2957 ι
172 2897 268 2965 enmt,
282 2896 381 2956 tanda
391 2900 455 2972 test.
466 2897 601 2970 {Nullas
591 2898 751 2958 imminere
768 2898 893 2971 mortuis
906 2898 1058 2969 tenebras,
1072 2916 1131 2962 nee
1142 2918 1207 2963 ear-

140 2975 287 3050 ¹nomem,
300 2998 364 3052 ,nee
383 2981 506 3043 tlumina
524 2983 663 3061 flagranti
681 2983 789 3063 igne...
807 2983 955 3043 Lusenmt
973 2984 1031 3044 ista
1048 2989 1161 3064 poetae,
1175 2996 1208 3049 et

141 3086 159 3126 ιι
172 3067 258 3128 vanis
269 3084 324 3128 nos
336 3068 525 3146 agitavemmt
537 3070 713 3131 terroribus.
726 3070 809 3130 Mors
820 3070 954 3129 emnium
967 3069 1105 3130 dolorum
1117 3078 1150 3134 et
1158 3091 1207 3135 so·

140 3171 159 3237 ιι
171 3152 245 3212 lutio
264 3147 357 3214 estet
368 3151 450 3224 finis,
464 3156 543 3215 ultra
555 3173 646 3234 quam
656 3156 735 3216 mala
746 3162 847 3217 nostra
858 3173 919 3216 non
933 3163 1060 3227 exeunt,
1075 3174 1143 3236 quae
1153 3177 1207 3222 uos

141 3238 205 3298 nin
222 3239 305 3298 illam
321 3240 585 3317 tranquillitatem,
599 3242 631 3301 in
651 3257 709 3318 qua
722 3248 883 3318 antequam
893 3258 1101 3314 nasceremur,
1111 3243 1207 3322 jacui-

72 3380 82 3388 .
142 3343 159 3382 ιι
171 3342 252 3395 mus
264 3327 394 3403 reponit
408 3324 444 3385 ld
457 3326 538 3386 enim
549 3333 649 3404 potest
661 3332 712 3384 aut
722 3325 836 3385 bonum
849 3334 900 3386 aut
911 3327 1020 3388 malum
1033 3344 1115 3399 esse,
1129 3329 1207 3407 quod

142 3430 159 3469 ιι
172 3409 287 3486 aliquid
300 3416 356 3469 est.
368 3411 457 3486 Quod
469 3428 542 3470 vero
551 3410 653 3489 ipsum
665 3409 742 3469 nibil
755 3417 814 3483 est,
824 3419 854 3470 et
866 3411 967 3472 omnia
979 3412 1010 3471 in
1021 3412 1207 3475 nibilmnro·

142 3496 264 3582 »digia
284 3495 360 3553 nulli
379 3512 434 3555 nos
453 3496 579 3555 fortunae
599 3495 722 3609 tradit...
742 3496 810 3558 Non
829 3503 926 3575 potest
944 3497 1037 3559 miser
1052 3515 1134 3573 esse,
1156 3499 1205 3579 qui

143 3599 160 3640 ιι
164 3574 272 3641 nullus
284 3586 339 3640 est.
353 3599 369 3634 ιι
551 3620 553 3626 -

177 3661 513 3743 ldemSeneoaOEpist.
516 3656 595 3736 101,
608 3664 648 3726 de
667 3665 1047 3766 animaeimmortalitate):
1063 3688 1080 3724 ιι
1093 3666 1208 3731 Crede·

141 3750 243 3811 ›bam
254 3750 478 3826 facilemque,
487 3751 679 3828 opinionibus
690 3767 866 3831 magnorum
878 3753 1012 3812 virorum
1023 3768 1090 3814 rem
1100 3756 1217 3834 gratie,

143 3836 527 3913 »simampromittentium
538 3837 946 3934 magisquamprobantirun.
960 3858 976 3894 ιι

180 3916 279 3980 Julius
290 3913 391 3980 Caesar
403 3918 494 3978 dum·
485 3936 517 3977 ιιι
529 3927 635 3979 senatu
646 3918 686 3978 de
698 3918 905 3996 conjuratione
918 3917 1059 3980 Catrlrnae
1066 3922 1211 3983 verbula·

143 4010 251 4063 eeret:
264 4024 280 4060 ιι
299 4006 434 4075 Possum,
448 4003 564 4073 aiebat,
578 4004 720 4081 equidem
731 4005 839 4066 dicere
856 4003 1163 4106 idquodreshabet3
1178 4008 1211 4068 in

145 4105 162 4153 ι
175 4080 259 4150 luetu
270 4097 359 4168 atque
371 4091 503 4153 miseriis
513 4098 641 4152 mortem
653 4108 850 4175 aerrunnarum
862 4092 1084 4170 requiemnon
1096 4093 1211 4156 erueia
