2708 4846
209 469 261 522 1090
662 468 844 517 trunantx

97 612 99 620 s
208 578 302 633 auro,
321 568 352 623 et
369 561 408 622 ab
428 562 600 638 Interprete
612 559 709 620 latino
727 576 785 637 per
795 557 909 619 solidos
924 556 1076 627 vertitur3
1097 589 1131 604 -
1143 555 1194 634 (ll
1211 557 1289 620 Esdr.
1327 594 1329 598 ·

208 647 240 715 t,
254 647 304 718 70,
316 648 369 720 tt,
384 644 457 726 72),
472 647 583 725 quibus
595 645 628 705 in
640 645 717 706 loeis
730 645 769 704 ab
782 644 974 721 Hieronymo
984 659 1042 723 per
1050 642 1214 706 drachmas
1228 646 1290 707 red-

207 733 302 797 ditur.

244 818 422 887 Adhorcon,
436 816 517 877 unde
529 816 656 895 pluralis
670 816 879 886 Adhcrconim,
896 814 1054 894 reperitur
1071 816 1086 874 l
1105 815 1195 876 Esdr.
1209 819 1242 885 8,
1257 816 1289 878 H

208 908 240 963 et
254 904 266 962 l
280 902 376 963 Paral.
391 902 443 972 99,
458 902 486 961 7.
500 903 534 961 ln
549 901 667 963 duobus
676 903 744 963 istis
754 901 831 962 locis
843 900 881 961 ab
895 902 1069 979 interprete
1082 901 1182 962 latino
1197 902 1289 964 denua

206 1004 264 1069 per
286 988 396 1049 solidos
422 988 561 1048 vertitur.
587 989 668 1049 txx
690 989 876 1065 lnterprctes
896 985 1068 1047 darlemon
1090 995 1123 1047 et
1141 987 1289 1051 adbarlon

205 1074 296 1137 modo
309 1093 365 1156 per
383 1084 487 1153 epops,
499 1074 673 1143 drachmas,
686 1073 777 1134 modo
794 1090 852 1152 per
867 1073 959 1133 uliam
973 1078 1136 1149 monetam
1153 1073 1287 1136 reddunt.

242 1161 414 1224 Darkemon
451 1170 483 1223 et
508 1159 674 1221 Adharlon
701 1159 845 1220 uidentur
870 1159 963 1218 fuisse
989 1157 1138 1228 doricus,
1160 1178 1289 1225 nummu

205 1261 315 1307 aureus
328 1250 485 1309 Persarum
494 1249 633 1306 lamosus.
643 1247 788 1306 Nummus
804 1245 862 1305 iste
874 1242 1019 1321 equidem
1032 1241 1069 1318 (l
1083 1244 1184 1305 Paral.
1195 1246 1242 1321 Ὦ,
1252 1248 1288 1324 l)

206 1348 272 1392 aeuo
284 1334 410 1394 Davidis
426 1333 574 1403 occurrit3
591 1331 645 1392 sed
660 1339 765 1392 auctor
782 1330 929 1390 librorum
948 1328 1222 1409 Paralipomenon,
1237 1335 1285 1412 qui

205 1424 273 1496 post
286 1420 495 1498 captivitatem
509 1417 722 1495 babylonicam
733 1417 826 1486 uixit,
839 1416 957 1495 pondus
969 1432 1026 1476 seu
1041 1434 1118 1475 num
1126 1435 1200 1478 nun
1209 1418 1281 1481 baud

203 1501 354 1648 gagnatum
364 1505 564 1603 Hebraeorum
573 1503 659 1582 juxta
668 1510 822 1564 monetam
831 1505 990 1564 Persarum
1001 1504 1182 1577 estimavit,
1191 1523 1223 1567 ac
1231 1523 1281 1585 per

249 1605 344 1648 noum
357 1597 514 1668 expressit.

241 1674 288 1737 Cl.
314 1674 461 1734 Pelletier
486 1682 517 1732 ct
542 1672 661 1735 Calmet
680 1675 853 1734 existimant
876 1673 1013 1734 doricum
1041 1691 1173 1737 aureum
1191 1677 1285 1740 valere

203 1758 346 1821 undecim
357 1760 451 1820 libras
463 1760 595 1836 (liores),
613 1759 756 1820 undecim
776 1776 856 1820 asses
868 1758 1014 1836 (sols),et
1026 1777 1146 1821 novem
1156 1762 1285 1825 denarios

204 1845 366 1924 (maura),
388 1864 458 1907 cum
473 1845 640 1924 quadrante
657 1853 787 1906 monetae
803 1846 921 1924 gallicae
941 1845 962 1904 ⁸.
982 1846 1049 1906 atii
1066 1865 1145 1908 vero
1160 1849 1286 1925 (laticum

202 1933 297 1992 multo
314 1933 437 2011 majoris
454 1932 566 1993 valoris
587 1947 653 1992 esse
675 1938 819 1992 statuunt.
843 1932 934 1991 Juxta
953 1932 992 1991 D.
1015 1932 1161 1995 Bernard
1174 1935 1285 1998 onice

202 2019 338 2099 pondere
350 2018 477 2079 duorum
486 2034 647 2096 granorum
659 2016 818 2094 superabat
828 2016 978 2095 ganeam
991 2015 1125 2097 (φιὺιὰ)
1136 2020 1161 2082 ¹.

239 2106 356 2175 Dorici,
367 2123 422 2166 seu
433 2105 515 2164 Darii
529 2104 624 2173 aurei,
639 2104 682 2163 ita
692 2104 856 2183 nuncupati
869 2103 990 2163 luerunt
997 2103 1085 2181 juxta
1096 2107 1175 2169 alios
1189 2125 1281 2169 aroce

202 2193 321 2268 persica
342 2208 448 2268 regern
470 2189 676 2268 significante,
697 2191 777 2268 quod
798 2206 908 2269 nempe
929 2191 1063 2267 pecunia
1084 2195 1174 2272 regia
1190 2201 1279 2265 esset,

202 2278 345 2354 regisque
363 2277 494 2354 elligiem
508 2276 682 2345 exhiberet,
698 2278 782 2355 juxta
795 2277 870 2336 alios
882 2275 965 2353 quod
977 2292 995 2336 a
1007 2278 1121 2351 Dario,
1135 2281 1280 2361 Hystaspis

201 2357 280 2430 tilio,
300 2362 362 2420 cusi
382 2363 456 2428 sint;
478 2361 532 2420 sed
553 2361 749 2421 verisimilius
774 2363 817 2421 ita
836 2360 981 2440 appellati
1006 2361 1149 2438 fuerumt,
1168 2368 1280 2444 quoda

201 2446 295 2507 Dario
308 2444 398 2504 Medo
407 2446 469 2522 jam
483 2453 571 2504 antea
584 2447 703 2524 procusi
716 2446 838 2507 fuerint.

237 2530 339 2590 Darici
348 2547 385 2590 ex
396 2547 468 2590 auro
480 2547 554 2609 puro
562 2529 691 2592 coniecti
702 2538 803 2600 erant,
814 2531 1068 2611 atqueperplura
1076 2535 1274 2596 saeuuhomni-

200 2615 257 2676 bus
268 2617 404 2678 Orientis
416 2617 546 2676 nummis
558 2616 676 2696 praelati
689 2616 821 2677 buerunt.
833 2617 1031 2679 Exhibebant
1043 2638 1107 2681 una
1118 2629 1197 2701 purte
1212 2620 1274 2682 effi-

199 2703 283 2782 giem
295 2703 391 2782 regis,
404 2710 436 2763 et
444 2711 530 2781 parte
544 2704 638 2762 altera
655 2703 842 2780 sagittarium
855 2704 931 2763 tiara
944 2705 1121 2768 acuminata
1130 2715 1275 2780 ornatum,

200 2787 306 2850 dextra
314 2788 467 2867 sagittam,
483 2797 514 2848 et
526 2789 648 2849 sinistra
658 2805 759 2848 arcum
771 2795 928 2848 tenentem
941 2775 965 2849 ³.

326 2921 343 2989 3
357 2925 439 2972 xntx.
449 2925 595 2973 -Pondcra
605 2937 634 2972 ac
644 2925 743 2973 Nummi
754 2924 780 2972 in
793 2936 858 2973 noro
870 2923 973 2973 Poedcre
984 2929 1152 2977 occurrentia.

235 3039 307 3093 cett.
323 3039 358 3096 ln
371 3055 451 3097 novo
463 3038 592 3099 Foedere
605 3040 800 3116 reperiuntrn·

236 3123 266 3184 Γ
280 3139 379 3199 πτωρ,
393 3126 487 3200 Slater
499 3124 617 3200 (Matth.
629 3124 671 3193 ll,
682 3124 741 3198 ut),
750 3125 801 3201 qui
810 3123 961 3201 praecipua
971 3134 1098 3187 moneta
1105 3128 1276 3190 Graecorum

198 3218 273 3271 erat.
288 3213 334 3270 Ex
346 3210 510 3282 ltlattbsll,
523 3211 571 3278 ut,
581 3218 665 3289 patet
678 3211 763 3269 illum
776 3210 959 3288 ponderasse
972 3220 1106 3289 quatuor
1121 3215 1274 3277 drachmas

196 3298 319 3367 atticas,
333 3298 407 3358 duos
420 3297 615 3366 semi-siclos,
629 3313 684 3356 seu
696 3297 802 3357 siclum
817 3297 969 3374 integrum
981 3299 1204 3373 Hebraeorum,
1213 3319 1272 3365 cun

198 3381 334 3444 Christus
345 3390 488 3442 staterem
507 3399 561 3459 pro
579 3400 633 3441 suo
653 3390 684 3441 ct
700 3383 782 3440 Petri
796 3398 888 3441 censu
902 3383 1035 3458 persolvi
1048 3383 1177 3458 jusserit
1188 3388 1272 3464 (coni.

196 3463 274 3544 tat).
288 3467 407 3527 Pondus
423 3467 515 3539 igitur
528 3467 609 3527 illius
622 3475 687 3526 erat
703 3466 902 3527 ducentorum
921 3469 1079 3546 sexaginta
1096 3488 1154 3532 sex
1170 3492 1275 3553 grano·

196 3569 264 3614 rum
282 3555 405 3632 (ρταίοιε)
423 3570 491 3613 cum
505 3553 629 3633 triginta
646 3562 774 3631 quatuor
783 3554 947 3633 trigesimis
959 3555 1074 3630 quintis
1086 3563 1177 3636 grani
1190 3562 1275 3640 parti·

196 3637 254 3701 bus
268 3641 356 3700 librae
368 3640 530 3711 trecensis,
547 3649 578 3699 et
594 3641 777 3717 parisiensis.
796 3639 1029 3717 consequenter
1053 3646 1143 3707 valor
1159 3648 1274 3709 stateris

197 3726 334 3804 argentei
348 3725 472 3802 aequalis
484 3732 549 3786 erat
560 3726 656 3786 valori
667 3726 735 3786 sicli
748 3727 868 3803 argenti
881 3725 1075 3800 tudanum,
1086 3747 1145 3791 scu
1159 3733 1275 3793 valebat

196 3810 319 3885 triginta
337 3811 413 3872 duos
428 3828 508 3872 asses
517 3812 610 3887 (sois),
625 3813 757 3889 quinque
770 3812 911 3874 denarios
932 3810 1087 3892 (deutera),
1106 3826 1140 3879 ct
1158 3821 1274 3881 tertiam

197 3895 314 3956 denarii
332 3906 448 3976 partem
467 3905 596 3958 monetae
616 3898 745 3977 gallica.

228 4015 344 4070 *canu
354 4035 362 4069 a
373 4023 438 4071 ntea
457 4023 488 4088 de
503 4023 527 4070 la
543 4023 613 4070 biblo
624 4023 670 4071 art
686 4021 851 4083 baromoniur,
862 4024 1032 4075 ctt'omment.
1048 4027 1076 4075 in
1091 4029 1113 4078 l.
1124 4030 1195 4080 ltsdr.
1204 4030 1273 4090 Mt.

198 4109 228 4124 -
237 4085 250 4122 ¹
260 4089 332 4137 Bora.
343 4090 374 4139 de
384 4091 533 4141 Ponderibus
543 4094 570 4142 et
579 4090 699 4142 llcmuris
709 4089 840 4153 antio-³
849 4092 911 4142 Vide
918 4094 1082 4146 Plutarchum
1092 4099 1121 4149 tu
1130 4101 1275 4151 muare.
