2708 4846
486 511 675 562 bladorum
690 514 894 567 sterterent.
1198 528 1229 580 99

180 608 357 675 »expressam
376 590 433 661 Dei
451 603 637 681 potentiam,
653 622 722 666 eum
732 607 882 668 scriberet
892 608 1049 688 legislator
1060 609 1223 675 hebraeus:

100 762 102 771 Ι
180 680 267 743 allisit
276 685 368 755 Deus,
384 693 415 747 et
426 689 595 765 qrzidtl’iut
607 692 674 762 lux,
689 699 720 753 ct
732 693 809 755 tacta
821 702 868 755 est
878 695 961 756 lux'.
976 718 993 753 n

204 766 390 846 Ylmorem,
410 775 566 848 timorem,
590 778 731 839 fiduciam
741 781 781 839 'ae
803 781 998 844 devotionem
1008 785 1065 845 Dei
1079 784 1145 845 vult
1157 801 1223 848 esse

178 850 374 919 imbuentem
395 862 493 923 cultus
511 863 609 924 divini
630 885 637 924 :
653 885 669 922 ι(
681 866 798 945 Diliges
811 870 908 929 Derun
919 876 1020 943 tuum,
1033 871 1091 941 ait,
1105 888 1144 931 ex
1158 880 1222 935 toto

100 956 102 961 ·
180 942 270 1005 »mle
292 953 364 1017 tuo,
384 954 416 1008 et
437 964 476 1008 cx
497 956 561 1011 tota
581 952 680 1012 anima
702 959 769 1023 tua,
788 960 876 1014 etex
896 962 959 1016 teta
981 957 1222 1023 tortitudinetua

100 1064 102 1103 ;
180 1026 543 1109 itant.o‚a)....1sraet‚
558 1038 630 1115 quid
646 1040 790 1100 Dominus
808 1041 889 1102 Deus
902 1049 970 1103 tuus
980 1044 1059 1122 petit
1070 1060 1089 1103 a
1100 1051 1147 1115 te,
1160 1046 1220 1107 nisi

100 1106 104 1171 l
178 1118 328 1180 »ueniens
338 1121 502 1181 Dominum
513 1124 610 1184 Deum
621 1132 718 1195 tuum,
732 1133 764 1185 et
776 1126 911 1187 ambules
923 1127 956 1188 in
968 1128 1027 1191 viis
1039 1127 1114 1205 ejus,
1129 1138 1160 1191 ct
1173 1132 1218 1193 di·

99 1176 103 1235 Ῐ
176 1195 350 1279 ‘ligaemm
372 1222 407 1265 ae
428 1208 542 1268 servias
562 1210 690 1270 Domino
714 1212 778 1271 Deo
799 1218 849 1271 tuo
872 1212 975 1288 (Dent.
990 1213 1219 1295 l0,l2)....Ego

99 1298 104 1389 j
173 1283 320 1351 »hominus
335 1292 418 1352 Deus
440 1297 524 1363 tuus,
538 1295 590 1373 qui
612 1295 704 1355 eduxi
724 1303 755 1356 tc
772 1296 811 1356 de
823 1302 904 1357 terra
918 1299 1061 1379 AEgypti,
1076 1300 1219 1362 dedomo

99 1410 102 1435 2
172 1376 352 1535 »ἲῗῖνίῐιιῐέι6
376 1379 446 1440 Non
476 1379 605 1442 habebis
636 1383 717 1443 Deos
747 1382 863 1444 alienos
891 1384 924 1444 in
954 1392 1118 1465 conspectu
1149 1394 1219 1449 meo

99 1464 103 1489 '
171 1470 183 1511 l
226 1471 280 1524 eut.
318 1510 325 1536 ,
372 1486 412 1525 ,n

99 1564 102 1579 ¹
193 1542 261 1609 d’De
271 1465 410 1612 doctrina
418 1554 525 1614 morali
539 1555 601 1613 ait:
615 1572 671 1611 -c
685 1556 808 1616 Honora
822 1561 938 1634 patrem
952 1562 1033 1616 tuum
1048 1563 1079 1617 ct
1088 1564 1218 1620 matrem

167 1634 267 1704 llum,
287 1636 368 1697 sieut
387 1639 533 1718 precepit
548 1639 606 1699 tibi
624 1640 768 1699 Dominus
789 1642 961 1710 Deustuus,
983 1649 1017 1701 ut
1028 1642 1120 1721 longo
1133 1645 1218 1705 vivas

99 1790 103 1797 ,
166 1722 317 1801 ltempore,
331 1729 364 1783 et
375 1724 455 1784 bene
464 1725 503 1785 sit
512 1722 682 1802 tibi(Deut.
695 1726 725 1796 d,
736 1726 789 1799 lii)
797 1745 805 1796 ;
816 1747 832 1782 n
843 1744 899 1782 -c
909 1728 976 1786 Non
985 1728 1086 1789 oderis
1095 1729 1218 1792 tratrem

99 1812 104 1887 ξ
164 1808 254 1866 ltumr
273 1808 306 1868 in
318 1806 412 1869 corde
426 1816 510 1869 tuo...
519 1812 587 1869 Non
600 1826 715 1887 quaeras
729 1810 889 1880 ultionem,
901 1828 959 1871 nee
972 1829 1088 1872 memor
1100 1815 1159 1873 eris
1172 1815 1218 1875 in·

99 1894 101 1899 '
162 1884 255 1965 ‘iuria
265 1892 381 1955 civicum
393 1900 521 1955 tuorum.
534 1896 650 1973 Diliges
661 1894 789 1954 amicum
802 1902 885 1953 tuum
897 1894 1017 1955 sicutte
1031 1896 1137 1974 ipsrmr.
1152 1900 1216 1977 Ego

161 1976 349 2041 abominus...
362 1981 430 2041 Non
443 1981 680 2059 augurabimini,
695 1998 756 2040 nen
771 1979 972 2041 observabitis
987 1982 1136 2043 somnia...
1147 1986 1216 2048 Non

159 2064 331 2131 »declinetis
344 2067 383 2128 ad
396 2086 532 2148 magos...
543 2066 652 2129 Coram
660 2084 736 2129 cano
746 2069 845 2148 eapite
855 2084 976 2147 surge...
987 2069 1130 2148 Diligetis
1143 2072 1215 2148 (ad-

156 2156 294 2231 arenam)
313 2156 399 2234 quasi
415 2155 613 2235 vosmetipsos
625 2154 730 2231 (Deut.
744 2154 788 2227 lt),
802 2154 920 2230 17-5c);
936 2176 952 2212 n
964 2186 996 2201 -
1009 2176 1024 2210 u
1042 2156 1074 2215 si
1089 2175 1165 2223 rmus
1175 2158 1215 2220 de

153 2238 310 2303 thatribus
325 2243 419 2303 tuis...
440 2242 479 2303 ad
496 2248 703 2321 paupertatem
727 2241 862 2323 venerit3
887 2257 948 2301 non
973 2240 1138 2305 obdurabis
1163 2262 1215 2306 eor

151 2331 267 2399 timna,
281 2344 342 2389 neo
357 2326 516 2390 contrahes
528 2345 649 2387 manum
661 2325 767 2401 (Dent.
785 2327 832 2397 lt,
844 2326 894 2403 7);
906 2346 985 2384 n-‹c
1002 2329 1069 2387 Non
1080 2329 1213 2393 occides.

149 2408 233 2473 ibon
242 2411 455 2474 moechaberis.
465 2414 533 2473 Non
545 2413 656 2471 ltrrtum
667 2412 770 2472 iacies.
779 2412 847 2471 Non
860 2411 993 2489 loqueris
1001 2417 1214 2493 contraproxi-

147 2500 1213 2581 rmumtuumlalsumtestimonium.Nonconcupiscesdemumproximi

145 2588 210 2647 »tui
224 2606 233 2648 ε
245 2605 307 2649 nec
319 2587 507 2648 desiderabis
520 2604 647 2647 uxorem
660 2584 724 2663 ejus
737 2586 851 2660 (Exod.
862 2585 910 2655 20,
925 2586 1035 2662 leli).
1050 2607 1066 2644 n

173 2673 249 2749 Quis
265 2673 514 2755 philosophorum
534 2672 694 2751 gentilium
706 2670 875 2748 hujusmodi
891 2670 1060 2731 doctrinam
1071 2689 1212 2751 tunquam

141 2758 263 2820 eccidit
282 2757 391 2837 (Coni.
403 2777 434 2818 n.
446 2758 528 2818 teu
536 2759 571 2831 l?

174 2846 209 2905 ln
219 2844 427 2909 Pentateucho
438 2845 580 2923 leguntur
593 2861 664 2915 vera
677 2859 695 2903 a
707 2844 812 2921 Moyse
826 2840 908 2901 edita
919 2842 1079 2914 vaticinia,
1094 2850 1126 2904 et
1138 2860 1212 2906 vera

139 2936 253 3009 patrae
270 2932 432 3000 miracula,
451 2947 518 3008 quae
539 2930 674 2990 divinam
696 2927 760 3006 ejus
778 2928 970 3000 missionem,
991 2930 1212 3008 veritatemque

140 3014 204 3092 ejus
212 3017 372 3096 religionis
384 3014 591 3095 comprobant.
603 3016 645 3074 Et

176 3102 201 3160 l.
212 3100 361 3178 Quidem(
366 3103 454 3162 Num.
467 3098 637 3174 dmm),
649 3096 827 3175 -praedixit
835 3097 994 3165 Israelitis,
1003 3099 1212 3176 contraipsmn

137 3202 175 3249 ac
190 3186 342 3249 Aaronem
355 3184 624 3253 murmurantibus,
637 3181 791 3243 neminem
809 3198 847 3241 ex
858 3183 932 3260 ipsis
943 3187 1056 3240 terram
1067 3179 1211 3244 Chanaan

135 3272 355 3346 risurmnmisl
366 3272 461 3336 Caleb
473 3278 505 3333 et
516 3272 619 3332 Josue.
631 3272 716 3330 Hane
729 3267 920 3348 prophetiam
929 3273 1067 3328 accurate
1077 3268 1212 3348 eomple-

133 3364 196 3421 tam
215 3359 310 3421 icisse
331 3358 482 3427 constitit,
495 3356 614 3434 quando
627 3357 659 3415 in
677 3355 855 3415 lustratione
875 3353 1071 3415 Hebraeorum
1085 3354 1117 3413 in
1130 3370 1211 3415 cam-

133 3428 289 3523 pestrihus
307 3444 398 3504 Moab
417 3443 531 3512 nullus,
546 3442 679 3521 exceptis
697 3440 791 3503 Caleb
806 3442 956 3510 etJosue,
968 3440 1110 3501 inventus
1122 3440 1162 3499 sit
1174 3456 1212 3499 ex

134 3530 213 3603 illis,
226 3532 280 3609 qui
292 3537 381 3591 antea
394 3530 426 3589 in
440 3528 559 3589 deserto
571 3528 654 3587 Sinai
666 3543 684 3587 a
694 3528 800 3604 Moyse
814 3533 845 3585 et
857 3527 979 3587 harene
990 3526 1135 3588 recensiti
1147 3524 1212 3584 lue·

132 3622 220 3689 rant,
230 3622 267 3679 nt
282 3622 368 3695 patet
387 3632 426 3677 ex
441 3617 531 3675 Nmn.
543 3613 591 3683 hh,
603 3613 702 3673 etet.
717 3645 749 3657 -
764 3611 896 3674 Celebre
909 3618 955 3672 est
964 3612 1077 3691 Moysis
1093 3610 1210 3671 Vatici-

133 3702 268 3767 munde
277 3704 376 3765 lutura
385 3702 558 3763 Judaeormn
567 3707 648 3761 sorte
657 3699 959 3775 (Deut.98).lllisDei
968 3698 1209 3770 benedictiones

133 3772 299 3868 buche
319 3804 439 3850 suarum
459 3787 673 3867 prosperitates
693 3783 847 3866 praedixit,
860 3786 887 3844 si
906 3786 971 3845 Deo
989 3781 1095 3843 fideles
1105 3799 1210 3843 mane-
1247 3860 1253 3873 ⁹

150 3940 153 3945 ,
208 3920 220 3949 ,
239 3875 381 3937 miserias
399 3889 473 3935 vero
497 3881 529 3933 et
547 3872 742 3940 calamitates,
764 3872 789 3932 si
804 3871 833 3931 ei
846 3869 1109 3939 infideleslorcnt,
1128 3870 1210 3948 quod

150 3948 157 4031 f
181 3956 184 3963 '
248 3962 313 4023 'um
331 3976 451 4042 semper
473 3958 651 4020 adamussim
668 3957 864 4037 adimpletum
874 3957 930 4016 luit
946 3975 954 4014 :
972 3954 1208 4018 «AdducetDo

129 4026 276 4127 mnus,
290 4047 348 4117 ait,
360 4050 488 4126 gentem
498 4046 538 4106 de
549 4044 714 4127 longinque
732 4044 816 4107 etde
830 4041 1074 4105 extremisterrae
1086 4041 1210 4118 linibus,

130 4108 288 4231 ⁶⁵'tltiouys
300 4156 604 4221 houe.licsuhllm.d.t·
1087 4227 1101 4276 l
