2708 4846
556 467 601 519 or
622 430 823 518 tarnenna

523 625 564 673 llll
579 624 747 674 tuomum
761 624 850 673 lollAE.

378 741 396 814 s
410 746 735 808 ανῆ-1099999399
751 746 777 795 el
787 745 846 794 etos
855 743 910 803 olus
920 741 989 794 lilarl.

181 887 254 944 997.
267 890 376 959 Jonas,
389 885 469 950 lilius
483 889 606 949 Amatbi
617 889 656 966 (c.
674 888 706 958 l,
725 888 770 963 l),
783 886 966 948 vaticinatus
986 891 1034 947 est
1044 884 1205 954 subintret

141 973 309 1033 Jeroboam
328 975 354 1031 ll
377 974 501 1053 regibus
514 975 628 1043 lsrael,
652 981 684 1034 et
700 971 847 1034 suborta
863 987 918 1032 seu
936 971 1045 1031 Azaria
1057 986 1132 1049 rege
1145 968 1207 1031 luda

144 1055 204 1134 (lv
217 1058 293 1136 lleg.
306 1057 355 1128 lt,
369 1057 436 1136 23).
451 1058 635 1118 Praedixerat
645 1058 789 1136 pristinos
804 1056 917 1116 limites
929 1054 1019 1134 regni
1033 1055 1127 1116 lsrael
1136 1053 1208 1119 retli-

143 1143 272 1206 tuendos
285 1160 350 1205 esse
362 1187 370 1213 .
384 1144 464 1221 quod
473 1144 530 1205 sub
542 1145 707 1203 Jeroboam
718 1144 743 1201 ll
754 1142 883 1220 contigit
892 1138 952 1215 (ib.
965 1160 995 1202 v.
1008 1140 1075 1218 25).

180 1230 297 1308 lingua
306 1228 429 1289 hebraea
445 1228 532 1306 hujus
553 1228 625 1288 libri
642 1229 736 1289 variis
750 1228 853 1288 verbis
866 1225 1032 1288 chaldaicis
1049 1226 1144 1288 mixta
1154 1232 1208 1296 ola

143 1331 236 1393 quare
250 1315 289 1374 cl.
300 1313 382 1374 Jahn
395 1313 481 1373 illum
495 1321 561 1392 post
576 1313 784 1391 captivitatem
795 1311 1009 1390 babylonicam
1037 1319 1070 1373 ot
1092 1311 1210 1372 destruo·

142 1399 259 1460 tionem
277 1399 405 1460 Ninixcs
422 1399 621 1478 compositum
639 1398 730 1459 luisse
747 1397 856 1459 credit.
869 1398 984 1457 Verum
996 1396 1211 1459 characterlin-

142 1502 211 1566 guae
220 1485 294 1546 libri
303 1503 364 1546 non
376 1502 497 1566 semper
506 1485 671 1547 estclarum
683 1483 1083 1547 testimoniumilliusaetatis
1092 1482 1209 1565 (nm.

426 1618 443 1687 ς
456 1621 598 1670 99919.-
606 1621 782 1683 Argumentum
791 1619 851 1669 libri
864 1620 941 1675 lone.

179 1741 250 1799 999.
264 1741 459 1801 JonasaDeo
474 1738 749 1819 jussuspraedicare
762 1739 793 1797 in
810 1738 886 1798 urbe
899 1737 1027 1808 Ninive,
1045 1737 1081 1800 in
1093 1745 1212 1818 quatum

142 1827 289 1904 temporis
310 1823 386 1885 Phul
404 1840 546 1903 regnasse
562 1822 684 1885 videtur
702 1820 762 1898 (lv
775 1825 852 1902 lteg.
864 1822 914 1892 lt,
931 1821 1050 1898 1999),
1064 1840 1212 1887 conseram

141 1913 175 1973 ln
185 1914 285 1992 Joppe
295 1928 378 1982 nava,
387 1909 527 1972 Tbarsim
540 1911 573 1971 in
583 1909 723 1972 Ciliciam
737 1909 880 1987 aufugere
889 1916 997 1969 tentat.
1007 1910 1212 1971 Verumolloo

141 2002 322 2076 tempestate
339 1995 456 2074 ingenti
476 1995 622 2065 immissa,
640 2001 740 2055 nautae
749 1990 865 2070 jaciunt
881 2000 996 2053 sortem
1015 1992 1054 2054 ad
1069 1994 1213 2056 sciendum

142 2079 228 2158 cujus
244 2096 332 2140 caasa
347 2080 465 2139 Numen
482 2078 560 2138 banc
574 2085 783 2156 tempestatem
796 2076 980 2138 immisisset.
994 2077 1069 2138 Sors
1081 2079 1212 2140 outemin

141 2166 252 2227 Jouam
262 2165 363 2237 eadit;
379 2180 472 2242 quare
485 2163 536 2225 hic
549 2163 674 2225 inmare
687 2162 839 2245 proiectus
852 2162 925 2238 luit,
940 2171 972 2224 et
983 2170 1147 2247 tempestas
1157 2180 1213 2228 ooa-

140 2251 276 2328 savit(c.
288 2251 332 2326 l).

179 2336 273 2396 Jonas
286 2335 370 2412 jussu
382 2336 440 2396 Dei
456 2335 621 2416 deglutitus
635 2335 691 2397 luit
702 2352 720 2396 a
731 2353 842 2416 magno
855 2337 959 2416 pisce,
976 2337 1011 2398 in
1023 2336 1111 2417 cuim
1119 2345 1212 2401 venno

140 2419 239 2481 tribus
248 2419 371 2491 diebus,
382 2420 569 2498 totidemque
580 2420 643 2480 lere
653 2421 792 2482 noctibus
805 2420 936 2491 delituit,
949 2423 1111 2502 Deumque
1119 2420 1213 2505 (lepre

140 2514 225 2568 catus
236 2512 297 2576 est,
308 2505 399 2566 tertia
409 2523 482 2566 vero
494 2505 545 2567 die
557 2507 649 2585 piscis
661 2506 748 2566 illum
757 2505 790 2566 in
799 2507 885 2568 littus
894 2509 1031 2569 evomuit
1042 2510 1088 2586 (c.
1102 2508 1146 2587 l).

179 2594 273 2653 Jonas
288 2599 352 2651 tum
365 2591 499 2652 secundo
512 2591 656 2653 Ninivem
670 2591 754 2653 adire
765 2591 879 2668 jussus,
894 2595 1069 2672 Deoparet.
1080 2593 1212 2656 Ninivitis

140 2675 298 2738 annuntiat
309 2676 428 2737 ruinam
439 2676 568 2739 Ninioes
583 2684 653 2756 post
663 2677 702 2739 lo
714 2676 796 2747 dies,
811 2677 869 2738 nisi
883 2677 1100 2757 penitentiam
1111 2687 1211 2760 mant.

141 2778 234 2842 quare
254 2761 399 2821 Ninivitas
413 2762 625 2842 paenitentiam
641 2768 754 2841 agunt,
768 2763 909 2840 Deosque
926 2761 991 2823 illis
1009 2763 1111 2842 parcit
1121 2764 1163 2843 (c.
1173 2761 1211 2842 i).

178 2860 272 2919 lonas
290 2865 392 2919 autom
409 2857 481 2919 ideo
501 2858 594 2919 iratus
615 2864 743 2919 mortem
765 2856 825 2918 sibi
843 2865 942 2938 optat,
969 2857 1037 2919 Deo
1056 2859 1101 2920 ait
1120 2858 1212 2938 sejam

139 2942 333 3022 praesensisse
345 2942 427 3020 quod
437 2941 542 3003 Ninivi
557 2944 727 3015 parciturus
741 2941 833 3012 soret,
847 2951 922 3004 etse
936 2941 1010 3004 hinc
1019 2944 1212 3007 Thersitam

141 3026 245 3105 lugere
254 3027 396 3088 voluisse.
409 3026 502 3088 Extra
510 3027 617 3088 urbem
628 3028 687 3088 sibi
698 3028 907 3089 umbraculum
921 3028 1050 3102 extruit,
1063 3038 1212 3113 expectans

140 3112 214 3191 quid
232 3112 337 3173 Ninivi
358 3112 522 3175 accideret.
542 3114 624 3174 Deus
641 3112 787 3177 hederam
803 3130 942 3175 cresccre
957 3112 1048 3188 facit,
1064 3116 1124 3178 sub
1140 3115 1212 3196 emto

138 3197 245 3259 aunbra
255 3199 348 3259 Jonas
360 3197 457 3260 sedet.
471 3197 532 3259 Sed
545 3215 614 3259 cum
624 3200 706 3261 Deus
715 3215 733 3260 a
742 3215 846 3260 verme
856 3197 1211 3265 hancbederamcorroti

135 3281 288 3361 jussisset,
301 3283 344 3342 ita
362 3288 397 3342 ut
412 3281 480 3343 baec
499 3290 705 3357 exaresceret,
722 3285 831 3354 lonas,
845 3283 1022 3347 ardentibus
1041 3286 1119 3350 solis
1131 3284 1212 3349 nau

138 3386 308 3449 percussus,
319 3369 421 3430 denuo
434 3370 493 3431 sibi
503 3378 631 3432 mortem
641 3379 734 3452 optat.
742 3373 858 3433 Verum
866 3373 947 3433 Deus
959 3371 1049 3433 illum
1057 3372 1211 3457 reprmee

136 3454 185 3518 dit
212 3456 294 3534 quod
315 3454 356 3516 ob
375 3454 531 3516 interitmn
546 3454 634 3533 hujus
654 3456 777 3518 hederae
797 3464 956 3537 tantopere
977 3464 1208 3527 commoveam.

138 3557 200 3601 non
220 3539 360 3618 tangatu'r
380 3538 575 3600 miseratione
596 3541 627 3600 in
645 3541 808 3613 Ninivitas,
822 3558 857 3603 ao
870 3541 948 3602 nolit
971 3550 1007 3604 ut
1022 3543 1209 3629 nempnut

136 3624 207 3687 urbi
220 3624 398 3707 poenitenti,
409 3623 442 3686 in
455 3640 516 3703 quo
524 3633 614 3687 erant
624 3625 914 3696 labaottntanttum
923 3628 966 3707 (c.
977 3628 1024 3709 l).

435 3755 451 3824 s
466 3758 544 3808 cldll.
555 3785 585 3796 -
596 3761 758 3812 blldoultales
771 3763 829 3812 libri
838 3763 914 3812 Jonae.

127 3884 129 3888 ’
172 3877 246 3932 399.
257 3877 388 3940 veritati
402 3876 733 3960 historicaehujaulibri
744 3884 927 3963 opponitur:

174 3959 204 4056 if
217 3963 349 4026 Historia
360 3965 484 4043 prolana
495 3965 534 4026 do
543 3966 597 4027 illa
609 3966 845 4029 extraordinaria
856 3965 1078 4034 etmtmcoloso
1086 3980 1205 4035 comm

136 4050 254 4111 ratione
264 4048 351 4112 done
363 4049 396 4112 in
405 4057 512 4114 ventre
522 4052 613 4127 piscis
624 4051 703 4116 nillil
714 4053 838 4118 ommno
847 4061 1075 4121 commemoret.
1162 4084 1166 4089 ·
