<?xml version="1.0" encoding="UTF-8"?>
<!DOCTYPE html PUBLIC "-//W3C//DTD XHTML 1.0 Transitional//EN"
    "http://www.w3.org/TR/xhtml1/DTD/xhtml1-transitional.dtd">
<html xmlns="http://www.w3.org/1999/xhtml" xml:lang="en" lang="en">
 <head>
  <title>
</title>
<meta http-equiv="Content-Type" content="text/html;charset=utf-8" />
  <meta name='ocr-system' content='tesseract 3.04.00' />
  <meta name='ocr-capabilities' content='ocr_page ocr_carea ocr_par ocr_line ocrx_word'/>
</head>
<body>
  <div class='ocr_page' id='page_1' title='image "./hermeneuticasac00jansgoog_0325.png"; bbox 0 0 2708 4846; ppageno 0'>
   <div class='ocr_carea' id='block_1_1' title="bbox 138 464 821 516">
    <p class='ocr_par' dir='ltr' id='par_1_1' title="bbox 138 464 821 516">
     <span class='ocr_line' id='line_1_1' title="bbox 138 464 821 516; baseline -0.006 0"><span class='ocrx_word' id='word_1_1' title='bbox 138 468 184 516; x_wconf 77' lang='lat'><strong>³08</strong></span> <span class='ocrx_word' id='word_1_2' title='bbox 553 465 598 514; x_wconf 80' lang='lat' dir='ltr'><strong>be</strong></span> <span class='ocrx_word' id='word_1_3' title='bbox 618 464 821 515; x_wconf 68' lang='lat' dir='ltr'><strong>subuculis</strong></span> 
     </span>
    </p>
   </div>
   <div class='ocr_carea' id='block_1_2' title="bbox 136 553 1217 1661">
    <p class='ocr_par' dir='ltr' id='par_1_2' title="bbox 137 553 1216 804">
     <span class='ocr_line' id='line_1_2' title="bbox 137 553 1216 634; baseline -0.004 -17"><span class='ocrx_word' id='word_1_4' title='bbox 137 562 199 617; x_wconf 90' lang='lat' dir='ltr'><strong>tate</strong></span> <span class='ocrx_word' id='word_1_5' title='bbox 211 553 402 627; x_wconf 77' lang='lat' dir='ltr'><strong>iudaeorum,</strong></span> <span class='ocrx_word' id='word_1_6' title='bbox 417 556 470 634; x_wconf 89' lang='lat' dir='ltr'><strong>qni</strong></span> <span class='ocrx_word' id='word_1_7' title='bbox 482 554 597 619; x_wconf 84' lang='lat' dir='ltr'>Christi</span> <span class='ocrx_word' id='word_1_8' title='bbox 611 554 703 616; x_wconf 88' lang='lat' dir='ltr'><strong>tidem</strong></span> <span class='ocrx_word' id='word_1_9' title='bbox 721 554 855 634; x_wconf 84' lang='lat' dir='ltr'><strong>amplexi</strong></span> <span class='ocrx_word' id='word_1_10' title='bbox 869 560 975 627; x_wconf 88' lang='lat' dir='ltr'><strong>erant,</strong></span> <span class='ocrx_word' id='word_1_11' title='bbox 997 560 1031 615; x_wconf 93' lang='lat' dir='ltr'><strong>et</strong></span> <span class='ocrx_word' id='word_1_12' title='bbox 1045 553 1084 616; x_wconf 91' lang='lat' dir='ltr'><strong>de</strong></span> <span class='ocrx_word' id='word_1_13' title='bbox 1097 553 1216 633; x_wconf 85' lang='lat' dir='ltr'><strong>reliquo·</strong></span> 
     </span>
     <span class='ocr_line' id='line_1_3' title="bbox 137 638 1214 710; baseline 0.003 -9"><span class='ocrx_word' id='word_1_14' title='bbox 137 657 205 701; x_wconf 90' lang='lat' dir='ltr'><strong>rum</strong></span> <span class='ocrx_word' id='word_1_15' title='bbox 223 641 375 703; x_wconf 89' lang='lat' dir='ltr'><strong>obstinata</strong></span> <span class='ocrx_word' id='word_1_16' title='bbox 391 641 530 702; x_wconf 88' lang='lat' dir='ltr'><strong>caecitate</strong></span> <span class='ocrx_word' id='word_1_17' title='bbox 541 640 637 703; x_wconf 87' lang='lat' dir='ltr'><strong>verba</strong></span> <span class='ocrx_word' id='word_1_18' title='bbox 653 638 742 710; x_wconf 86' lang='lat' dir='ltr'><strong>iecit,</strong></span> <span class='ocrx_word' id='word_1_19' title='bbox 755 657 782 701; x_wconf 88' lang='lat' dir='ltr'><strong>c.</strong></span> <span class='ocrx_word' id='word_1_20' title='bbox 798 640 831 699; x_wconf 88' lang='lat' dir='ltr'><strong>ll</strong></span> <span class='ocrx_word' id='word_1_21' title='bbox 842 683 849 710; x_wconf 94' lang='lat'><strong>,</strong></span> <span class='ocrx_word' id='word_1_22' title='bbox 861 638 964 710; x_wconf 66' lang='lat' dir='ltr'><strong>itit,</strong></span> <span class='ocrx_word' id='word_1_23' title='bbox 981 638 1110 702; x_wconf 77' lang='lat' dir='ltr'><strong>iudaeos</strong></span> <span class='ocrx_word' id='word_1_24' title='bbox 1123 656 1214 704; x_wconf 81' lang='lat' dir='ltr'><strong>omncs</strong></span> 
     </span>
     <span class='ocr_line' id='line_1_4' title="bbox 138 722 1082 804; baseline -0.003 -17"><span class='ocrx_word' id='word_1_25' title='bbox 138 724 261 787; x_wconf 91' lang='lat' dir='ltr'><strong>tandem</strong></span> <span class='ocrx_word' id='word_1_26' title='bbox 274 724 438 803; x_wconf 89' lang='lat' dir='ltr'><strong>aliquando</strong></span> <span class='ocrx_word' id='word_1_27' title='bbox 449 724 573 788; x_wconf 87' lang='lat' dir='ltr'><strong>Christo</strong></span> <span class='ocrx_word' id='word_1_28' title='bbox 585 740 699 787; x_wconf 91' lang='lat' dir='ltr'><strong>nomen</strong></span> <span class='ocrx_word' id='word_1_29' title='bbox 712 723 836 785; x_wconf 90' lang='lat' dir='ltr'><strong>daturos</strong></span> <span class='ocrx_word' id='word_1_30' title='bbox 846 740 915 785; x_wconf 89' lang='lat' dir='ltr'><strong>esse</strong></span> <span class='ocrx_word' id='word_1_31' title='bbox 927 722 1082 804; x_wconf 82' lang='lat' dir='ltr'><strong>praedicit.</strong></span> 
     </span>
    </p>

    <p class='ocr_par' dir='ltr' id='par_1_3' title="bbox 136 808 1217 1407">
     <span class='ocr_line' id='line_1_5' title="bbox 173 808 1217 881; baseline 0.002 -10"><span class='ocrx_word' id='word_1_32' title='bbox 173 808 210 871; x_wconf 89' lang='lat' dir='ltr'><strong>C.</strong></span> <span class='ocrx_word' id='word_1_33' title='bbox 223 809 258 881; x_wconf 85' lang='lat'><strong>9,</strong></span> <span class='ocrx_word' id='word_1_34' title='bbox 270 808 358 881; x_wconf 73' lang='lat' dir='ltr'><strong>tit,</strong></span> <span class='ocrx_word' id='word_1_35' title='bbox 376 808 484 872; x_wconf 77' lang='lat' dir='ltr'><strong>scribit</strong></span> <span class='ocrx_word' id='word_1_36' title='bbox 498 812 614 873; x_wconf 75' lang='lat' dir='ltr'><strong>Doctm</strong></span> <span class='ocrx_word' id='word_1_37' title='bbox 631 808 791 880; x_wconf 87' lang='lat' dir='ltr'><strong>Gentium,</strong></span> <span class='ocrx_word' id='word_1_38' title='bbox 815 808 967 870; x_wconf 88' lang='lat' dir='ltr'><strong>Jacobum</strong></span> <span class='ocrx_word' id='word_1_39' title='bbox 980 808 1137 881; x_wconf 82' lang='lat' dir='ltr'><strong>electrum,</strong></span> <span class='ocrx_word' id='word_1_40' title='bbox 1151 808 1217 873; x_wconf 71' lang='lat' dir='ltr'><strong>latu</strong></span> 
     </span>
     <span class='ocr_line' id='line_1_6' title="bbox 139 892 1217 974; baseline 0.004 -19"><span class='ocrx_word' id='word_1_41' title='bbox 139 912 211 956; x_wconf 88' lang='lat' dir='ltr'><strong>vero</strong></span> <span class='ocrx_word' id='word_1_42' title='bbox 227 896 426 974; x_wconf 87' lang='lat' dir='ltr'><strong>reprobatum</strong></span> <span class='ocrx_word' id='word_1_43' title='bbox 441 895 534 957; x_wconf 75' lang='lat' dir='ltr'><strong>trrime</strong></span> <span class='ocrx_word' id='word_1_44' title='bbox 555 892 723 957; x_wconf 91' lang='lat' dir='ltr'><strong>secundum</strong></span> <span class='ocrx_word' id='word_1_45' title='bbox 735 894 926 973; x_wconf 92' lang='lat' dir='ltr'><strong>propositum</strong></span> <span class='ocrx_word' id='word_1_46' title='bbox 938 893 1123 967; x_wconf 79' lang='lat' dir='ltr'><strong>electionis,</strong></span> <span class='ocrx_word' id='word_1_47' title='bbox 1143 902 1217 959; x_wconf 69' lang='lat' dir='ltr'><strong>anta</strong></span> 
     </span>
     <span class='ocr_line' id='line_1_7' title="bbox 137 978 1216 1059; baseline 0.002 -20"><span class='ocrx_word' id='word_1_48' title='bbox 137 997 228 1057; x_wconf 82' lang='lat' dir='ltr'><strong>quam</strong></span> <span class='ocrx_word' id='word_1_49' title='bbox 249 978 365 1058; x_wconf 88' lang='lat' dir='ltr'><strong>aliquid</strong></span> <span class='ocrx_word' id='word_1_50' title='bbox 381 979 457 1040; x_wconf 92' lang='lat' dir='ltr'><strong>honi</strong></span> <span class='ocrx_word' id='word_1_51' title='bbox 469 987 521 1042; x_wconf 89' lang='lat' dir='ltr'><strong>aut</strong></span> <span class='ocrx_word' id='word_1_52' title='bbox 531 978 604 1040; x_wconf 89' lang='lat' dir='ltr'><strong>mali</strong></span> <span class='ocrx_word' id='word_1_53' title='bbox 616 979 752 1059; x_wconf 80' lang='lat' dir='ltr'><strong>egissent</strong></span> <span class='ocrx_word' id='word_1_54' title='bbox 757 997 766 1050; x_wconf 84' lang='lat'><em>3</em></span> <span class='ocrx_word' id='word_1_55' title='bbox 779 980 879 1039; x_wconf 86' lang='lat' dir='ltr'><strong>Deum</strong></span> <span class='ocrx_word' id='word_1_56' title='bbox 897 978 1051 1041; x_wconf 88' lang='lat' dir='ltr'><strong>Jacohum</strong></span> <span class='ocrx_word' id='word_1_57' title='bbox 1066 978 1216 1053; x_wconf 75' lang='lat' dir='ltr'><strong>dilexisse,</strong></span> 
     </span>
     <span class='ocr_line' id='line_1_8' title="bbox 136 1063 1217 1143; baseline 0.003 -17"><span class='ocrx_word' id='word_1_58' title='bbox 136 1068 217 1127; x_wconf 86' lang='lat' dir='ltr'><strong>Esau</strong></span> <span class='ocrx_word' id='word_1_59' title='bbox 229 1072 331 1128; x_wconf 89' lang='lat' dir='ltr'><strong>antem</strong></span> <span class='ocrx_word' id='word_1_60' title='bbox 343 1065 419 1127; x_wconf 90' lang='lat' dir='ltr'><strong>odio</strong></span> <span class='ocrx_word' id='word_1_61' title='bbox 431 1064 589 1138; x_wconf 88' lang='lat' dir='ltr'><strong>hahuisse,</strong></span> <span class='ocrx_word' id='word_1_62' title='bbox 604 1082 675 1127; x_wconf 85' lang='lat' dir='ltr'><strong>erno</strong></span> <span class='ocrx_word' id='word_1_63' title='bbox 693 1063 779 1143; x_wconf 83' lang='lat' dir='ltr'><strong>cujus</strong></span> <span class='ocrx_word' id='word_1_64' title='bbox 790 1064 856 1127; x_wconf 81' lang='lat' dir='ltr'><strong>vurlt</strong></span> <span class='ocrx_word' id='word_1_65' title='bbox 867 1065 1025 1137; x_wconf 85' lang='lat' dir='ltr'><strong>misereri,</strong></span> <span class='ocrx_word' id='word_1_66' title='bbox 1038 1071 1072 1127; x_wconf 87' lang='lat' dir='ltr'><strong>et</strong></span> <span class='ocrx_word' id='word_1_67' title='bbox 1086 1064 1217 1129; x_wconf 79' lang='lat' dir='ltr'><strong>minus</strong></span> 
     </span>
     <span class='ocr_line' id='line_1_9' title="bbox 137 1150 1216 1232; baseline 0 -17"><span class='ocrx_word' id='word_1_68' title='bbox 137 1152 287 1223; x_wconf 80' lang='lat' dir='ltr'><strong>vicissim3</strong></span> <span class='ocrx_word' id='word_1_69' title='bbox 300 1150 426 1232; x_wconf 74' lang='lat' dir='ltr'><strong>aptum</strong></span> <span class='ocrx_word' id='word_1_70' title='bbox 441 1152 485 1214; x_wconf 88' lang='lat' dir='ltr'><strong>ita</strong></span> <span class='ocrx_word' id='word_1_71' title='bbox 500 1152 609 1213; x_wconf 89' lang='lat' dir='ltr'><strong>eadem</strong></span> <span class='ocrx_word' id='word_1_72' title='bbox 625 1168 665 1212; x_wconf 85' lang='lat' dir='ltr'><strong>ex</strong></span> <span class='ocrx_word' id='word_1_73' title='bbox 683 1166 782 1213; x_wconf 88' lang='lat' dir='ltr'><strong>massa</strong></span> <span class='ocrx_word' id='word_1_74' title='bbox 793 1167 846 1213; x_wconf 85' lang='lat' dir='ltr'><strong>vas</strong></span> <span class='ocrx_word' id='word_1_75' title='bbox 856 1150 889 1211; x_wconf 91' lang='lat' dir='ltr'><strong>in</strong></span> <span class='ocrx_word' id='word_1_76' title='bbox 904 1150 1072 1225; x_wconf 86' lang='lat' dir='ltr'><strong>honorem,</strong></span> <span class='ocrx_word' id='word_1_77' title='bbox 1087 1158 1120 1212; x_wconf 88' lang='lat' dir='ltr'><strong>et</strong></span> <span class='ocrx_word' id='word_1_78' title='bbox 1130 1152 1216 1215; x_wconf 78' lang='lat' dir='ltr'><strong>emir</strong></span> 
     </span>
     <span class='ocr_line' id='line_1_10' title="bbox 138 1236 1216 1316; baseline 0.003 -16"><span class='ocrx_word' id='word_1_79' title='bbox 138 1239 353 1301; x_wconf 88' lang='lat' dir='ltr'><strong>coutumeliam</strong></span> <span class='ocrx_word' id='word_1_80' title='bbox 365 1236 498 1301; x_wconf 85' lang='lat' dir='ltr'><strong>efficere.</strong></span> <span class='ocrx_word' id='word_1_81' title='bbox 511 1239 536 1297; x_wconf 90' lang='lat' dir='ltr'><strong>E</strong></span> <span class='ocrx_word' id='word_1_82' title='bbox 549 1237 659 1316; x_wconf 89' lang='lat' dir='ltr'><strong>quibus</strong></span> <span class='ocrx_word' id='word_1_83' title='bbox 671 1237 837 1300; x_wconf 78' lang='lat' dir='ltr'><strong>Reformati</strong></span> <span class='ocrx_word' id='word_1_84' title='bbox 851 1236 1040 1299; x_wconf 84' lang='lat' dir='ltr'><strong>concludunt</strong></span> <span class='ocrx_word' id='word_1_85' title='bbox 1071 1238 1168 1301; x_wconf 83' lang='lat' dir='ltr'><strong>Deum</strong></span> <span class='ocrx_word' id='word_1_86' title='bbox 1180 1238 1216 1303; x_wconf 77' lang='lat' dir='ltr'><strong>itt</strong></span> 
     </span>
     <span class='ocr_line' id='line_1_11' title="bbox 138 1322 997 1407; baseline -0.002 -21"><span class='ocrx_word' id='word_1_87' title='bbox 138 1341 230 1407; x_wconf 74' lang='lat' dir='ltr'><strong>agere</strong></span> <span class='ocrx_word' id='word_1_88' title='bbox 242 1327 276 1387; x_wconf 92' lang='lat' dir='ltr'><strong>in</strong></span> <span class='ocrx_word' id='word_1_89' title='bbox 287 1326 413 1404; x_wconf 79' lang='lat' dir='ltr'><strong>negotio</strong></span> <span class='ocrx_word' id='word_1_90' title='bbox 425 1324 704 1406; x_wconf 83' lang='lat' dir='ltr'><strong>praedestinationis</strong></span> <span class='ocrx_word' id='word_1_91' title='bbox 718 1331 750 1385; x_wconf 89' lang='lat' dir='ltr'><strong>ct</strong></span> <span class='ocrx_word' id='word_1_92' title='bbox 761 1322 997 1402; x_wconf 86' lang='lat' dir='ltr'><strong>reprobationis.</strong></span> 
     </span>
    </p>

    <p class='ocr_par' dir='ltr' id='par_1_4' title="bbox 137 1408 1215 1661">
     <span class='ocr_line' id='line_1_12' title="bbox 174 1408 1215 1491; baseline -0.002 -18"><span class='ocrx_word' id='word_1_93' title='bbox 174 1411 232 1473; x_wconf 82' lang='lat' dir='ltr'><strong>Ast</strong></span> <span class='ocrx_word' id='word_1_94' title='bbox 241 1412 287 1472; x_wconf 91' lang='lat' dir='ltr'><strong>ibi</strong></span> <span class='ocrx_word' id='word_1_95' title='bbox 300 1410 339 1473; x_wconf 91' lang='lat' dir='ltr'><strong>de</strong></span> <span class='ocrx_word' id='word_1_96' title='bbox 351 1410 620 1491; x_wconf 69' lang='lat' dir='ltr'><strong>predestinatione</strong></span> <span class='ocrx_word' id='word_1_97' title='bbox 633 1408 672 1471; x_wconf 89' lang='lat' dir='ltr'><strong>ad</strong></span> <span class='ocrx_word' id='word_1_98' title='bbox 687 1409 817 1489; x_wconf 78' lang='lat' dir='ltr'><strong>gloriam</strong></span> <span class='ocrx_word' id='word_1_99' title='bbox 833 1415 866 1470; x_wconf 89' lang='lat' dir='ltr'><strong>et</strong></span> <span class='ocrx_word' id='word_1_100' title='bbox 877 1408 1098 1489; x_wconf 74' lang='lat' dir='ltr'><strong>reprobatione</strong></span> <span class='ocrx_word' id='word_1_101' title='bbox 1113 1414 1215 1471; x_wconf 68' lang='lat' dir='ltr'><strong>m</strong></span> 
     </span>
     <span class='ocr_line' id='line_1_13' title="bbox 137 1494 1215 1576; baseline 0.003 -19"><span class='ocrx_word' id='word_1_102' title='bbox 137 1516 200 1559; x_wconf 88' lang='lat' dir='ltr'><strong>non</strong></span> <span class='ocrx_word' id='word_1_103' title='bbox 216 1506 262 1559; x_wconf 88' lang='lat' dir='ltr'><strong>est</strong></span> <span class='ocrx_word' id='word_1_104' title='bbox 278 1515 396 1559; x_wconf 89' lang='lat' dir='ltr'><strong>sermo:</strong></span> <span class='ocrx_word' id='word_1_105' title='bbox 408 1497 542 1576; x_wconf 87' lang='lat' dir='ltr'><strong>loquitur</strong></span> <span class='ocrx_word' id='word_1_106' title='bbox 563 1496 607 1557; x_wconf 91' lang='lat' dir='ltr'><strong>ibi</strong></span> <span class='ocrx_word' id='word_1_107' title='bbox 624 1496 788 1575; x_wconf 79' lang='lat' dir='ltr'><strong>Apostolus</strong></span> <span class='ocrx_word' id='word_1_108' title='bbox 808 1494 849 1557; x_wconf 92' lang='lat' dir='ltr'><strong>de</strong></span> <span class='ocrx_word' id='word_1_109' title='bbox 869 1496 1034 1557; x_wconf 91' lang='lat' dir='ltr'><strong>multorum</strong></span> <span class='ocrx_word' id='word_1_110' title='bbox 1050 1496 1215 1559; x_wconf 75' lang='lat' dir='ltr'><strong>Judaeom</strong></span> 
     </span>
     <span class='ocr_line' id='line_1_14' title="bbox 137 1579 1214 1661; baseline 0 -18"><span class='ocrx_word' id='word_1_111' title='bbox 137 1582 305 1660; x_wconf 79' lang='lat' dir='ltr'><strong>reiectione</strong></span> <span class='ocrx_word' id='word_1_112' title='bbox 318 1600 336 1644; x_wconf 88' lang='lat' dir='ltr'><strong>a</strong></span> <span class='ocrx_word' id='word_1_113' title='bbox 349 1582 426 1656; x_wconf 87' lang='lat' dir='ltr'><strong>tide,</strong></span> <span class='ocrx_word' id='word_1_114' title='bbox 435 1589 468 1642; x_wconf 88' lang='lat' dir='ltr'><strong>ct</strong></span> <span class='ocrx_word' id='word_1_115' title='bbox 478 1581 518 1644; x_wconf 87' lang='lat' dir='ltr'><strong>de</strong></span> <span class='ocrx_word' id='word_1_116' title='bbox 531 1580 700 1643; x_wconf 91' lang='lat' dir='ltr'><strong>Gentilium</strong></span> <span class='ocrx_word' id='word_1_117' title='bbox 711 1579 873 1643; x_wconf 84' lang='lat' dir='ltr'><strong>vocatione</strong></span> <span class='ocrx_word' id='word_1_118' title='bbox 885 1579 924 1641; x_wconf 85' lang='lat' dir='ltr'><strong>ad</strong></span> <span class='ocrx_word' id='word_1_119' title='bbox 934 1580 1124 1655; x_wconf 77' lang='lat' dir='ltr'><strong>Ecclesim,</strong></span> <span class='ocrx_word' id='word_1_120' title='bbox 1136 1598 1214 1661; x_wconf 74' lang='lat' dir='ltr'><strong>qusp</strong></span> 
     </span>
    </p>
   </div>
   <div class='ocr_carea' id='block_1_3' title="bbox 138 1662 1213 1814">
    <p class='ocr_par' dir='ltr' id='par_1_5' title="bbox 138 1662 1213 1814">
     <span class='ocr_line' id='line_1_15' title="bbox 138 1662 1213 1748; baseline 0.002 -19"><span class='ocrx_word' id='word_1_121' title='bbox 138 1668 178 1731; x_wconf 92' lang='lat' dir='ltr'><strong>ad</strong></span> <span class='ocrx_word' id='word_1_122' title='bbox 191 1687 225 1731; x_wconf 90' lang='lat' dir='ltr'><strong>se</strong></span> <span class='ocrx_word' id='word_1_123' title='bbox 236 1670 317 1731; x_wconf 88' lang='lat' dir='ltr'><strong>solos</strong></span> <span class='ocrx_word' id='word_1_124' title='bbox 329 1669 485 1748; x_wconf 88' lang='lat' dir='ltr'><strong>pertinere</strong></span> <span class='ocrx_word' id='word_1_125' title='bbox 497 1666 598 1729; x_wconf 84' lang='lat' dir='ltr'><strong>Judaei</strong></span> <span class='ocrx_word' id='word_1_126' title='bbox 613 1664 814 1747; x_wconf 78' lang='lat' dir='ltr'><strong>pertinaciter</strong></span> <span class='ocrx_word' id='word_1_127' title='bbox 825 1665 1009 1729; x_wconf 89' lang='lat' dir='ltr'><strong>adserebant</strong></span> <span class='ocrx_word' id='word_1_128' title='bbox 1014 1686 1024 1741; x_wconf 75' lang='grc' dir='ltr'><strong><em>ς</em></strong></span> <span class='ocrx_word' id='word_1_129' title='bbox 1041 1668 1127 1731; x_wconf 82' lang='lat' dir='ltr'><strong>nulla</strong></span> <span class='ocrx_word' id='word_1_130' title='bbox 1143 1662 1213 1731; x_wconf 73' lang='lat' dir='ltr'><strong>min</strong></span> 
     </span>
     <span class='ocr_line' id='line_1_16' title="bbox 138 1749 1213 1814; baseline 0.004 -4"><span class='ocrx_word' id='word_1_131' title='bbox 138 1750 220 1812; x_wconf 90' lang='lat' dir='ltr'><strong>inter</strong></span> <span class='ocrx_word' id='word_1_132' title='bbox 239 1751 379 1814; x_wconf 88' lang='lat' dir='ltr'><strong>Gentiles</strong></span> <span class='ocrx_word' id='word_1_133' title='bbox 396 1757 428 1812; x_wconf 88' lang='lat' dir='ltr'><strong>et</strong></span> <span class='ocrx_word' id='word_1_134' title='bbox 445 1749 569 1812; x_wconf 78' lang='lat' dir='ltr'><strong>ludaeos</strong></span> <span class='ocrx_word' id='word_1_135' title='bbox 587 1749 694 1811; x_wconf 79' lang='lat' dir='ltr'><strong>Romae</strong></span> <span class='ocrx_word' id='word_1_136' title='bbox 712 1754 934 1809; x_wconf 77' lang='lat' dir='ltr'><strong>commorantes</strong></span> <span class='ocrx_word' id='word_1_137' title='bbox 957 1754 1024 1809; x_wconf 86' lang='lat' dir='ltr'><strong>tum</strong></span> <span class='ocrx_word' id='word_1_138' title='bbox 1046 1750 1213 1813; x_wconf 68' lang='lat' dir='ltr'><strong>moechm</strong></span> 
     </span>
    </p>
   </div>
   <div class='ocr_carea' id='block_1_4' title="bbox 138 1832 1216 3090">
    <p class='ocr_par' dir='ltr' id='par_1_6' title="bbox 138 1832 1213 2257">
     <span class='ocr_line' id='line_1_17' title="bbox 138 1832 1213 1915; baseline 0 -18"><span class='ocrx_word' id='word_1_139' title='bbox 138 1837 346 1898; x_wconf 88' lang='lat' dir='ltr'><strong>controversia</strong></span> <span class='ocrx_word' id='word_1_140' title='bbox 366 1836 406 1898; x_wconf 92' lang='lat' dir='ltr'><strong>de</strong></span> <span class='ocrx_word' id='word_1_141' title='bbox 423 1834 506 1897; x_wconf 91' lang='lat' dir='ltr'><strong>dieta</strong></span> <span class='ocrx_word' id='word_1_142' title='bbox 523 1832 795 1915; x_wconf 70' lang='lat' dir='ltr'><strong>predestinatione</strong></span> <span class='ocrx_word' id='word_1_143' title='bbox 810 1840 842 1895; x_wconf 90' lang='lat' dir='ltr'><strong>et</strong></span> <span class='ocrx_word' id='word_1_144' title='bbox 859 1832 1096 1913; x_wconf 75' lang='lat' dir='ltr'><strong>reprobatione,</strong></span> <span class='ocrx_word' id='word_1_145' title='bbox 1112 1834 1167 1901; x_wconf 89' lang='lat' dir='ltr'><strong>scd</strong></span> <span class='ocrx_word' id='word_1_146' title='bbox 1179 1834 1213 1897; x_wconf 88' lang='lat' dir='ltr'><strong>dc</strong></span> 
     </span>
     <span class='ocr_line' id='line_1_18' title="bbox 139 1918 1211 1998; baseline 0 -15"><span class='ocrx_word' id='word_1_147' title='bbox 139 1922 315 1984; x_wconf 88' lang='lat' dir='ltr'><strong>discrimine</strong></span> <span class='ocrx_word' id='word_1_148' title='bbox 328 1920 468 1984; x_wconf 91' lang='lat' dir='ltr'><strong>Gentiles</strong></span> <span class='ocrx_word' id='word_1_149' title='bbox 476 1920 558 1983; x_wconf 90' lang='lat' dir='ltr'><strong>inter</strong></span> <span class='ocrx_word' id='word_1_150' title='bbox 567 1936 602 1981; x_wconf 93' lang='lat' dir='ltr'><strong>ac</strong></span> <span class='ocrx_word' id='word_1_151' title='bbox 614 1918 738 1982; x_wconf 76' lang='lat' dir='ltr'><strong>iudaeos</strong></span> <span class='ocrx_word' id='word_1_152' title='bbox 752 1918 851 1998; x_wconf 88' lang='lat' dir='ltr'><strong>quoad</strong></span> <span class='ocrx_word' id='word_1_153' title='bbox 865 1919 1062 1983; x_wconf 88' lang='lat' dir='ltr'><strong>vocatiouem</strong></span> <span class='ocrx_word' id='word_1_154' title='bbox 1072 1918 1112 1984; x_wconf 89' lang='lat' dir='ltr'><strong>ad</strong></span> <span class='ocrx_word' id='word_1_155' title='bbox 1122 1918 1211 1983; x_wconf 80' lang='lat' dir='ltr'><strong>fider.</strong></span> 
     </span>
     <span class='ocr_line' id='line_1_19' title="bbox 138 2002 1213 2083; baseline -0.003 -13"><span class='ocrx_word' id='word_1_156' title='bbox 138 2009 265 2080; x_wconf 85' lang='lat' dir='ltr'><strong>Paulus,</strong></span> <span class='ocrx_word' id='word_1_157' title='bbox 278 2014 312 2068; x_wconf 90' lang='lat' dir='ltr'><strong>ut</strong></span> <span class='ocrx_word' id='word_1_158' title='bbox 323 2014 441 2068; x_wconf 88' lang='lat' dir='ltr'><strong>avertat</strong></span> <span class='ocrx_word' id='word_1_159' title='bbox 464 2003 672 2083; x_wconf 89' lang='lat' dir='ltr'><strong>objectionem</strong></span> <span class='ocrx_word' id='word_1_160' title='bbox 691 2003 774 2083; x_wconf 87' lang='lat' dir='ltr'><strong>quod</strong></span> <span class='ocrx_word' id='word_1_161' title='bbox 787 2006 869 2065; x_wconf 85' lang='lat' dir='ltr'><strong>Deus</strong></span> <span class='ocrx_word' id='word_1_162' title='bbox 880 2004 922 2065; x_wconf 87' lang='lat' dir='ltr'><strong>sit</strong></span> <span class='ocrx_word' id='word_1_163' title='bbox 940 2002 1087 2081; x_wconf 85' lang='lat' dir='ltr'><strong>injustus,</strong></span> <span class='ocrx_word' id='word_1_164' title='bbox 1102 2004 1213 2069; x_wconf 78' lang='lat' dir='ltr'><strong>adducit</strong></span> 
     </span>
     <span class='ocr_line' id='line_1_20' title="bbox 140 2088 1213 2171; baseline 0.001 -19"><span class='ocrx_word' id='word_1_165' title='bbox 140 2094 311 2171; x_wconf 82' lang='lat' dir='ltr'><strong>exemplum</strong></span> <span class='ocrx_word' id='word_1_166' title='bbox 323 2092 432 2152; x_wconf 89' lang='lat' dir='ltr'><strong>Jacobi</strong></span> <span class='ocrx_word' id='word_1_167' title='bbox 445 2097 478 2150; x_wconf 89' lang='lat' dir='ltr'><strong>et</strong></span> <span class='ocrx_word' id='word_1_168' title='bbox 488 2092 568 2152; x_wconf 84' lang='lat' dir='ltr'><strong>Esau</strong></span> <span class='ocrx_word' id='word_1_169' title='bbox 578 2089 618 2150; x_wconf 91' lang='lat' dir='ltr'><strong>de</strong></span> <span class='ocrx_word' id='word_1_170' title='bbox 631 2090 784 2151; x_wconf 88' lang='lat' dir='ltr'><strong>electione</strong></span> <span class='ocrx_word' id='word_1_171' title='bbox 796 2088 836 2151; x_wconf 90' lang='lat' dir='ltr'><strong>ad</strong></span> <span class='ocrx_word' id='word_1_172' title='bbox 852 2090 935 2151; x_wconf 86' lang='lat' dir='ltr'><strong>hona</strong></span> <span class='ocrx_word' id='word_1_173' title='bbox 946 2090 1129 2171; x_wconf 80' lang='lat' dir='ltr'><strong>temporalia</strong></span> <span class='ocrx_word' id='word_1_174' title='bbox 1137 2090 1213 2155; x_wconf 78' lang='lat' dir='ltr'><strong>scic</strong></span> 
     </span>
     <span class='ocr_line' id='line_1_21' title="bbox 138 2177 425 2257; baseline 0 -17"><span class='ocrx_word' id='word_1_175' title='bbox 138 2178 307 2257; x_wconf 87' lang='lat' dir='ltr'><strong>rejectione</strong></span> <span class='ocrx_word' id='word_1_176' title='bbox 319 2177 425 2240; x_wconf 87' lang='lat' dir='ltr'><strong>abeis.</strong></span> 
     </span>
    </p>

    <p class='ocr_par' dir='ltr' id='par_1_7' title="bbox 139 2261 1215 2760">
     <span class='ocr_line' id='line_1_22' title="bbox 176 2261 1214 2347; baseline 0.002 -24"><span class='ocrx_word' id='word_1_177' title='bbox 176 2264 325 2343; x_wconf 80' lang='lat' dir='ltr'><strong>Agithaee</strong></span> <span class='ocrx_word' id='word_1_178' title='bbox 334 2264 444 2325; x_wconf 89' lang='lat' dir='ltr'><strong>Paulus</strong></span> <span class='ocrx_word' id='word_1_179' title='bbox 455 2261 599 2324; x_wconf 89' lang='lat' dir='ltr'><strong>undecim</strong></span> <span class='ocrx_word' id='word_1_180' title='bbox 609 2261 716 2343; x_wconf 91' lang='lat' dir='ltr'><strong>primis</strong></span> <span class='ocrx_word' id='word_1_181' title='bbox 725 2261 1214 2347; x_wconf 73' lang='lat' dir='ltr'><strong>capitibus,quaepsrtemdoprn-</strong></span> 
     </span>
     <span class='ocr_line' id='line_1_23' title="bbox 139 2346 1213 2431; baseline 0.004 -22"><span class='ocrx_word' id='word_1_182' title='bbox 139 2349 231 2411; x_wconf 90' lang='lat' dir='ltr'><strong>ticam</strong></span> <span class='ocrx_word' id='word_1_183' title='bbox 243 2347 333 2425; x_wconf 86' lang='lat' dir='ltr'><strong>hujus</strong></span> <span class='ocrx_word' id='word_1_184' title='bbox 344 2347 488 2427; x_wconf 83' lang='lat' dir='ltr'><strong>Epistulae</strong></span> <span class='ocrx_word' id='word_1_185' title='bbox 499 2347 696 2407; x_wconf 83' lang='lat' dir='ltr'><strong>constituunt.</strong></span> <span class='ocrx_word' id='word_1_186' title='bbox 709 2348 781 2409; x_wconf 87' lang='lat' dir='ltr'><strong>Pars</strong></span> <span class='ocrx_word' id='word_1_187' title='bbox 794 2347 891 2409; x_wconf 87' lang='lat' dir='ltr'><strong>altera</strong></span> <span class='ocrx_word' id='word_1_188' title='bbox 900 2346 1027 2410; x_wconf 87' lang='lat' dir='ltr'><strong>moralis</strong></span> <span class='ocrx_word' id='word_1_189' title='bbox 1039 2348 1148 2431; x_wconf 87' lang='lat' dir='ltr'><strong>incipit</strong></span> <span class='ocrx_word' id='word_1_190' title='bbox 1156 2364 1213 2413; x_wconf 75' lang='lat' dir='ltr'><strong>cm</strong></span> 
     </span>
     <span class='ocr_line' id='line_1_24' title="bbox 140 2431 1213 2517; baseline 0.004 -23"><span class='ocrx_word' id='word_1_191' title='bbox 140 2432 241 2512; x_wconf 89' lang='lat' dir='ltr'><strong>capite</strong></span> <span class='ocrx_word' id='word_1_192' title='bbox 256 2432 306 2501; x_wconf 72' lang='lat' dir='ltr'><strong>li,</strong></span> <span class='ocrx_word' id='word_1_193' title='bbox 321 2438 352 2492; x_wconf 91' lang='lat' dir='ltr'><strong>et</strong></span> <span class='ocrx_word' id='word_1_194' title='bbox 363 2432 395 2491; x_wconf 92' lang='lat' dir='ltr'><strong>in</strong></span> <span class='ocrx_word' id='word_1_195' title='bbox 409 2447 447 2492; x_wconf 90' lang='lat' dir='ltr'><strong>ea</strong></span> <span class='ocrx_word' id='word_1_196' title='bbox 461 2431 624 2511; x_wconf 76' lang='lat' dir='ltr'><strong>Apostolus</strong></span> <span class='ocrx_word' id='word_1_197' title='bbox 637 2431 843 2493; x_wconf 84' lang='lat' dir='ltr'><strong>variastradit</strong></span> <span class='ocrx_word' id='word_1_198' title='bbox 853 2432 1088 2507; x_wconf 80' lang='lat' dir='ltr'><strong>instructiones,</strong></span> <span class='ocrx_word' id='word_1_199' title='bbox 1102 2450 1213 2517; x_wconf 64' lang='lat' dir='ltr'><strong>pacem</strong></span> 
     </span>
     <span class='ocr_line' id='line_1_25' title="bbox 139 2514 1215 2599; baseline 0.004 -20"><span class='ocrx_word' id='word_1_200' title='bbox 139 2519 303 2586; x_wconf 88' lang='lat' dir='ltr'><strong>unitatem,</strong></span> <span class='ocrx_word' id='word_1_201' title='bbox 319 2524 351 2577; x_wconf 89' lang='lat' dir='ltr'><strong>et</strong></span> <span class='ocrx_word' id='word_1_202' title='bbox 361 2515 461 2577; x_wconf 90' lang='lat' dir='ltr'><strong>varias</strong></span> <span class='ocrx_word' id='word_1_203' title='bbox 471 2514 691 2594; x_wconf 80' lang='lat' dir='ltr'><strong>obligationes,</strong></span> <span class='ocrx_word' id='word_1_204' title='bbox 702 2515 856 2596; x_wconf 82' lang='lat' dir='ltr'><strong>praeeipue</strong></span> <span class='ocrx_word' id='word_1_205' title='bbox 869 2532 944 2597; x_wconf 75' lang='lat' dir='ltr'><strong>erga</strong></span> <span class='ocrx_word' id='word_1_206' title='bbox 953 2518 1136 2599; x_wconf 82' lang='lat' dir='ltr'><strong>praepositos</strong></span> <span class='ocrx_word' id='word_1_207' title='bbox 1148 2518 1215 2583; x_wconf 86' lang='lat' dir='ltr'><strong>clri-</strong></span> 
     </span>
     <span class='ocr_line' id='line_1_26' title="bbox 139 2599 1213 2681; baseline 0.002 -16"><span class='ocrx_word' id='word_1_208' title='bbox 139 2605 201 2673; x_wconf 88' lang='lat' dir='ltr'><strong>les,</strong></span> <span class='ocrx_word' id='word_1_209' title='bbox 227 2602 373 2671; x_wconf 86' lang='lat' dir='ltr'><strong>inculcat,</strong></span> <span class='ocrx_word' id='word_1_210' title='bbox 400 2600 475 2679; x_wconf 87' lang='lat' dir='ltr'><strong>quid</strong></span> <span class='ocrx_word' id='word_1_211' title='bbox 499 2599 539 2663; x_wconf 87' lang='lat' dir='ltr'><strong>de</strong></span> <span class='ocrx_word' id='word_1_212' title='bbox 572 2599 718 2681; x_wconf 82' lang='lat' dir='ltr'><strong>legalium</strong></span> <span class='ocrx_word' id='word_1_213' title='bbox 740 2601 937 2664; x_wconf 83' lang='lat' dir='ltr'><strong>observantia</strong></span> <span class='ocrx_word' id='word_1_214' title='bbox 970 2602 1141 2667; x_wconf 82' lang='lat' dir='ltr'><strong>tenendum</strong></span> <span class='ocrx_word' id='word_1_215' title='bbox 1167 2604 1213 2674; x_wconf 87' lang='lat' dir='ltr'><strong>rit,</strong></span> 
     </span>
     <span class='ocr_line' id='line_1_27' title="bbox 141 2688 322 2760; baseline 0.022 -14"><span class='ocrx_word' id='word_1_216' title='bbox 141 2688 251 2760; x_wconf 89' lang='lat' dir='ltr'><strong>tradit,</strong></span> <span class='ocrx_word' id='word_1_217' title='bbox 262 2695 322 2750; x_wconf 69' lang='lat' dir='ltr'><strong>etc.</strong></span> 
     </span>
    </p>

    <p class='ocr_par' dir='ltr' id='par_1_8' title="bbox 141 2768 1216 3090">
     <span class='ocr_line' id='line_1_28' title="bbox 177 2768 1216 2852; baseline 0.003 -18"><span class='ocrx_word' id='word_1_218' title='bbox 177 2773 223 2834; x_wconf 82' lang='lat' dir='ltr'><strong>Ex</strong></span> <span class='ocrx_word' id='word_1_219' title='bbox 235 2772 326 2834; x_wconf 91' lang='lat' dir='ltr'><strong>dietis</strong></span> <span class='ocrx_word' id='word_1_220' title='bbox 337 2770 436 2851; x_wconf 84' lang='lat' dir='ltr'><strong>liquet</strong></span> <span class='ocrx_word' id='word_1_221' title='bbox 464 2786 590 2851; x_wconf 83' lang='lat' dir='ltr'><strong>scopum</strong></span> <span class='ocrx_word' id='word_1_222' title='bbox 604 2768 694 2849; x_wconf 86' lang='lat' dir='ltr'><strong>hujus</strong></span> <span class='ocrx_word' id='word_1_223' title='bbox 704 2770 849 2852; x_wconf 72' lang='lat' dir='ltr'><strong>Epistola</strong></span> <span class='ocrx_word' id='word_1_224' title='bbox 864 2788 932 2835; x_wconf 88' lang='lat' dir='ltr'><strong>esse</strong></span> <span class='ocrx_word' id='word_1_225' title='bbox 943 2772 1117 2843; x_wconf 85' lang='lat' dir='ltr'><strong>Gentilium</strong></span> <span class='ocrx_word' id='word_1_226' title='bbox 1127 2780 1159 2839; x_wconf 85' lang='lat' dir='ltr'><strong>ot</strong></span> <span class='ocrx_word' id='word_1_227' title='bbox 1170 2774 1216 2837; x_wconf 81' lang='lat' dir='ltr'><strong>Ju-</strong></span> 
     </span>
     <span class='ocr_line' id='line_1_29' title="bbox 141 2854 1214 2936; baseline 0.007 -17"><span class='ocrx_word' id='word_1_228' title='bbox 141 2858 276 2920; x_wconf 86' lang='lat' dir='ltr'><strong>daeorum</strong></span> <span class='ocrx_word' id='word_1_229' title='bbox 292 2856 489 2936; x_wconf 85' lang='lat' dir='ltr'><strong>supercilium</strong></span> <span class='ocrx_word' id='word_1_230' title='bbox 505 2854 695 2936; x_wconf 89' lang='lat' dir='ltr'><strong>deprimere,</strong></span> <span class='ocrx_word' id='word_1_231' title='bbox 718 2855 846 2929; x_wconf 89' lang='lat' dir='ltr'><strong>docere,</strong></span> <span class='ocrx_word' id='word_1_232' title='bbox 867 2858 1065 2922; x_wconf 87' lang='lat' dir='ltr'><strong>vocatiouem</strong></span> <span class='ocrx_word' id='word_1_233' title='bbox 1080 2860 1123 2925; x_wconf 86' lang='lat' dir='ltr'><strong>ad</strong></span> <span class='ocrx_word' id='word_1_234' title='bbox 1135 2860 1214 2925; x_wconf 73' lang='lat' dir='ltr'><strong>halcu</strong></span> 
     </span>
     <span class='ocr_line' id='line_1_30' title="bbox 141 2941 1216 3029; baseline 0.008 -25"><span class='ocrx_word' id='word_1_235' title='bbox 141 2945 246 3023; x_wconf 75' lang='lat' dir='ltr'><strong>gmtiae</strong></span> <span class='ocrx_word' id='word_1_236' title='bbox 266 2942 380 3007; x_wconf 85' lang='lat' dir='ltr'><strong>Christi</strong></span> <span class='ocrx_word' id='word_1_237' title='bbox 398 2941 523 3015; x_wconf 91' lang='lat' dir='ltr'><strong>deberi,</strong></span> <span class='ocrx_word' id='word_1_238' title='bbox 543 2958 652 3022; x_wconf 91' lang='lat' dir='ltr'><strong>pacem</strong></span> <span class='ocrx_word' id='word_1_239' title='bbox 672 2958 710 3005; x_wconf 90' lang='lat' dir='ltr'><strong>ac</strong></span> <span class='ocrx_word' id='word_1_240' title='bbox 726 2943 926 3007; x_wconf 85' lang='lat' dir='ltr'><strong>concordiam</strong></span> <span class='ocrx_word' id='word_1_241' title='bbox 941 2944 1119 3023; x_wconf 80' lang='lat' dir='ltr'><strong>inculcare,</strong></span> <span class='ocrx_word' id='word_1_242' title='bbox 1134 2954 1216 3029; x_wconf 64' lang='lat' dir='ltr'><strong>dunc</strong></span> 
     </span>
     <span class='ocr_line' id='line_1_31' title="bbox 141 3026 612 3090; baseline 0.002 -3"><span class='ocrx_word' id='word_1_243' title='bbox 141 3027 241 3089; x_wconf 89' lang='lat' dir='ltr'><strong>varias</strong></span> <span class='ocrx_word' id='word_1_244' title='bbox 253 3026 373 3089; x_wconf 85' lang='lat' dir='ltr'><strong>tradere</strong></span> <span class='ocrx_word' id='word_1_245' title='bbox 385 3026 612 3090; x_wconf 86' lang='lat' dir='ltr'><strong>instructiones.</strong></span> 
     </span>
    </p>
   </div>
   <div class='ocr_carea' id='block_1_5' title="bbox 191 3167 1081 3225">
    <p class='ocr_par' dir='ltr' id='par_1_9' title="bbox 191 3167 1081 3225">
     <span class='ocr_line' id='line_1_32' title="bbox 191 3167 1081 3225; baseline 0.01 -9"><span class='ocrx_word' id='word_1_246' title='bbox 191 3172 194 3177; x_wconf 88' lang='lat'>&#39;</span> <span class='ocrx_word' id='word_1_247' title='bbox 289 3168 330 3217; x_wconf 83' lang='lat' dir='ltr'><strong>DE</strong></span> <span class='ocrx_word' id='word_1_248' title='bbox 344 3168 357 3216; x_wconf 83' lang='lat'>1</span> <span class='ocrx_word' id='word_1_249' title='bbox 370 3167 513 3218; x_wconf 68' lang='lat' dir='ltr'><strong>semrom</strong></span> <span class='ocrx_word' id='word_1_250' title='bbox 527 3168 556 3217; x_wconf 81' lang='lat' dir='ltr'><strong>B.</strong></span> <span class='ocrx_word' id='word_1_251' title='bbox 571 3168 661 3219; x_wconf 74' lang='lat' dir='ltr'><strong>ratim</strong></span> <span class='ocrx_word' id='word_1_252' title='bbox 675 3167 819 3219; x_wconf 63' lang='lat' dir='ltr'><strong>westou</strong></span> <span class='ocrx_word' id='word_1_253' title='bbox 832 3168 876 3218; x_wconf 76' lang='grc' dir='ltr'><strong>ΑΙ)</strong></span> <span class='ocrx_word' id='word_1_254' title='bbox 888 3170 1081 3225; x_wconf 67' lang='lat' dir='ltr'><strong>(lollllil&#39;fflffl.</strong></span> 
     </span>
    </p>
   </div>
   <div class='ocr_carea' id='block_1_6' title="bbox 178 3276 1186 3398">
    <p class='ocr_par' dir='ltr' id='par_1_10' title="bbox 178 3276 1186 3398">
     <span class='ocr_line' id='line_1_33' title="bbox 178 3276 1186 3397; baseline 0.003 -70"><span class='ocrx_word' id='word_1_255' title='bbox 178 3276 195 3344; x_wconf 70' lang='grc'><strong>5</strong></span> <span class='ocrx_word' id='word_1_256' title='bbox 209 3276 263 3327; x_wconf 76' lang='lat' dir='ltr'><strong>dci.</strong></span> <span class='ocrx_word' id='word_1_257' title='bbox 274 3300 304 3313; x_wconf 91' lang='lat'>-</span> <span class='ocrx_word' id='word_1_258' title='bbox 314 3278 392 3326; x_wconf 84' lang='lat' dir='ltr'><strong>hocas</strong></span> <span class='ocrx_word' id='word_1_259' title='bbox 400 3276 555 3339; x_wconf 84' lang='lat' dir='ltr'><strong>seriptlenis,</strong></span> <span class='ocrx_word' id='word_1_260' title='bbox 564 3276 733 3397; x_wconf 48' lang='lat' dir='ltr'><strong>lingarffis</strong></span> <span class='ocrx_word' id='word_1_261' title='bbox 743 3278 770 3327; x_wconf 85' lang='lat' dir='ltr'><strong>et</strong></span> <span class='ocrx_word' id='word_1_262' title='bbox 779 3278 876 3329; x_wconf 68' lang='lat' dir='ltr'><strong>acuam</strong></span> <span class='ocrx_word' id='word_1_263' title='bbox 884 3280 999 3341; x_wconf 86' lang='lat' dir='ltr'><strong>proximu</strong></span> <span class='ocrx_word' id='word_1_264' title='bbox 1009 3282 1022 3331; x_wconf 89' lang='lat' dir='ltr'><strong>l</strong></span> <span class='ocrx_word' id='word_1_265' title='bbox 1031 3282 1186 3349; x_wconf 68' lang='lat' dir='ltr'><strong>Epium</strong></span> 
     </span>
     <span class='ocr_line' id='line_1_34' title="bbox 719 3358 756 3398; baseline 0 0"><span class='ocrx_word' id='word_1_266' title='bbox 719 3358 756 3398; x_wconf 80' lang='lat' dir='ltr'><strong>os.</strong></span> 
     </span>
    </p>
   </div>
   <div class='ocr_carea' id='block_1_7' title="bbox 140 3471 1221 4154">
    <p class='ocr_par' dir='ltr' id='par_1_11' title="bbox 140 3471 1220 3731">
     <span class='ocr_line' id='line_1_35' title="bbox 178 3471 1218 3558; baseline 0.012 -28"><span class='ocrx_word' id='word_1_267' title='bbox 178 3474 251 3531; x_wconf 79' lang='lat' dir='ltr'><strong>titt.</strong></span> <span class='ocrx_word' id='word_1_268' title='bbox 263 3472 383 3551; x_wconf 85' lang='lat' dir='ltr'><strong>Scripta</strong></span> <span class='ocrx_word' id='word_1_269' title='bbox 393 3471 525 3533; x_wconf 83' lang='lat' dir='ltr'><strong>trrithaec</strong></span> <span class='ocrx_word' id='word_1_270' title='bbox 536 3472 672 3552; x_wconf 84' lang='lat' dir='ltr'><strong>Epistola</strong></span> <span class='ocrx_word' id='word_1_271' title='bbox 682 3472 1079 3558; x_wconf 76' lang='lat' dir='ltr'><strong>Ephesi,metropolidsiae</strong></span> <span class='ocrx_word' id='word_1_272' title='bbox 1089 3482 1218 3555; x_wconf 76' lang='lat' dir='ltr'><strong>minoris,</strong></span> 
     </span>
     <span class='ocr_line' id='line_1_36' title="bbox 142 3555 1220 3649; baseline 0.004 -29"><span class='ocrx_word' id='word_1_273' title='bbox 142 3566 177 3621; x_wconf 90' lang='lat' dir='ltr'><strong>nt</strong></span> <span class='ocrx_word' id='word_1_274' title='bbox 188 3565 272 3640; x_wconf 90' lang='lat' dir='ltr'><strong>patet</strong></span> <span class='ocrx_word' id='word_1_275' title='bbox 283 3574 321 3618; x_wconf 84' lang='lat' dir='ltr'><strong>ex</strong></span> <span class='ocrx_word' id='word_1_276' title='bbox 332 3575 361 3618; x_wconf 91' lang='lat' dir='ltr'><strong>c.</strong></span> <span class='ocrx_word' id='word_1_277' title='bbox 376 3555 427 3628; x_wconf 84' lang='lat' dir='ltr'><strong>lii,</strong></span> <span class='ocrx_word' id='word_1_278' title='bbox 440 3557 474 3629; x_wconf 80' lang='lat'><strong>8,</strong></span> <span class='ocrx_word' id='word_1_279' title='bbox 488 3564 521 3618; x_wconf 90' lang='lat' dir='ltr'><strong>ct</strong></span> <span class='ocrx_word' id='word_1_280' title='bbox 536 3574 599 3619; x_wconf 90' lang='lat' dir='ltr'><strong>nen</strong></span> <span class='ocrx_word' id='word_1_281' title='bbox 620 3557 771 3639; x_wconf 86' lang='lat' dir='ltr'><strong>Philippis</strong></span> <span class='ocrx_word' id='word_1_282' title='bbox 782 3567 816 3619; x_wconf 87' lang='lat' dir='ltr'><strong>ut</strong></span> <span class='ocrx_word' id='word_1_283' title='bbox 827 3560 940 3639; x_wconf 82' lang='lat' dir='ltr'><strong>legitur</strong></span> <span class='ocrx_word' id='word_1_284' title='bbox 952 3561 985 3622; x_wconf 90' lang='lat' dir='ltr'><strong>in</strong></span> <span class='ocrx_word' id='word_1_285' title='bbox 1001 3565 1220 3649; x_wconf 78' lang='lat' dir='ltr'><strong>subscriptione</strong></span> 
     </span>
     <span class='ocr_line' id='line_1_37' title="bbox 140 3641 1181 3731; baseline 0.002 -24"><span class='ocrx_word' id='word_1_286' title='bbox 140 3662 250 3726; x_wconf 79' lang='lat' dir='ltr'><strong>graeca.</strong></span> <span class='ocrx_word' id='word_1_287' title='bbox 265 3644 393 3703; x_wconf 81' lang='lat' dir='ltr'><strong>Exorata</strong></span> <span class='ocrx_word' id='word_1_288' title='bbox 405 3649 506 3703; x_wconf 91' lang='lat' dir='ltr'><strong>autem</strong></span> <span class='ocrx_word' id='word_1_289' title='bbox 515 3641 573 3703; x_wconf 87' lang='lat' dir='ltr'><strong>tuit</strong></span> <span class='ocrx_word' id='word_1_290' title='bbox 583 3657 683 3722; x_wconf 80' lang='lat' dir='ltr'><strong>groeee</strong></span> <span class='ocrx_word' id='word_1_291' title='bbox 696 3660 775 3705; x_wconf 92' lang='lat' dir='ltr'><strong>anno</strong></span> <span class='ocrx_word' id='word_1_292' title='bbox 788 3644 825 3705; x_wconf 78' lang='lat' dir='ltr'><strong>bo·</strong></span> <span class='ocrx_word' id='word_1_293' title='bbox 838 3646 890 3705; x_wconf 88' lang='lat' dir='ltr'><strong>vel</strong></span> <span class='ocrx_word' id='word_1_294' title='bbox 901 3646 939 3707; x_wconf 73' lang='lat'><strong>57</strong></span> <span class='ocrx_word' id='word_1_295' title='bbox 950 3662 1023 3708; x_wconf 76' lang='lat' dir='ltr'><strong>aeras</strong></span> <span class='ocrx_word' id='word_1_296' title='bbox 1036 3650 1181 3731; x_wconf 62' lang='lat' dir='ltr'><strong>vulgum</strong></span> 
     </span>
    </p>

    <p class='ocr_par' dir='ltr' id='par_1_12' title="bbox 141 3725 1221 4154">
     <span class='ocr_line' id='line_1_38' title="bbox 178 3725 1219 3811; baseline 0.006 -17"><span class='ocrx_word' id='word_1_297' title='bbox 178 3727 367 3795; x_wconf 85' lang='lat' dir='ltr'><strong>Condiderat</strong></span> <span class='ocrx_word' id='word_1_298' title='bbox 386 3728 496 3789; x_wconf 86' lang='lat' dir='ltr'><strong>Paulus</strong></span> <span class='ocrx_word' id='word_1_299' title='bbox 518 3725 674 3802; x_wconf 90' lang='lat' dir='ltr'><strong>Corinthi,</strong></span> <span class='ocrx_word' id='word_1_300' title='bbox 693 3728 821 3791; x_wconf 80' lang='lat' dir='ltr'><strong>Achaia·</strong></span> <span class='ocrx_word' id='word_1_301' title='bbox 839 3732 1020 3811; x_wconf 89' lang='lat' dir='ltr'><strong>metropoli,</strong></span> <span class='ocrx_word' id='word_1_302' title='bbox 1038 3734 1219 3807; x_wconf 70' lang='lat' dir='ltr'><strong>Eoerstma</strong></span> 
     </span>
     <span class='ocr_line' id='line_1_39' title="bbox 141 3812 1221 3897; baseline 0.007 -20"><span class='ocrx_word' id='word_1_303' title='bbox 141 3816 198 3877; x_wconf 90' lang='lat' dir='ltr'><strong>sed</strong></span> <span class='ocrx_word' id='word_1_304' title='bbox 222 3822 291 3897; x_wconf 90' lang='lat' dir='ltr'><strong>post</strong></span> <span class='ocrx_word' id='word_1_305' title='bbox 311 3830 399 3875; x_wconf 89' lang='lat' dir='ltr'><strong>suum</strong></span> <span class='ocrx_word' id='word_1_306' title='bbox 423 3829 464 3874; x_wconf 78' lang='lat' dir='ltr'><strong>ex</strong></span> <span class='ocrx_word' id='word_1_307' title='bbox 481 3812 541 3876; x_wconf 90' lang='lat' dir='ltr'><strong>hae</strong></span> <span class='ocrx_word' id='word_1_308' title='bbox 557 3813 634 3874; x_wconf 90' lang='lat' dir='ltr'><strong>urbe</strong></span> <span class='ocrx_word' id='word_1_309' title='bbox 657 3813 823 3877; x_wconf 86' lang='lat' dir='ltr'><strong>discessum</strong></span> <span class='ocrx_word' id='word_1_310' title='bbox 843 3816 1108 3896; x_wconf 80' lang='lat' dir='ltr'><strong>pseudodoctores</strong></span> <span class='ocrx_word' id='word_1_311' title='bbox 1125 3820 1221 3885; x_wconf 84' lang='lat' dir='ltr'><strong>subin·</strong></span> 
     </span>
     <span class='ocr_line' id='line_1_40' title="bbox 143 3898 1221 3983; baseline 0.009 -22"><span class='ocrx_word' id='word_1_312' title='bbox 143 3901 307 3973; x_wconf 87' lang='lat' dir='ltr'><strong>troierant,</strong></span> <span class='ocrx_word' id='word_1_313' title='bbox 329 3900 384 3977; x_wconf 86' lang='lat' dir='ltr'><strong>qui</strong></span> <span class='ocrx_word' id='word_1_314' title='bbox 400 3898 570 3961; x_wconf 90' lang='lat' dir='ltr'><strong>doctrinam</strong></span> <span class='ocrx_word' id='word_1_315' title='bbox 591 3901 799 3981; x_wconf 75' lang='lat' dir='ltr'><strong>evangelicam</strong></span> <span class='ocrx_word' id='word_1_316' title='bbox 819 3911 1036 3983; x_wconf 70' lang='lat' dir='ltr'><strong>conuperantc</strong></span> <span class='ocrx_word' id='word_1_317' title='bbox 1053 3904 1129 3969; x_wconf 90' lang='lat' dir='ltr'><strong>hine</strong></span> <span class='ocrx_word' id='word_1_318' title='bbox 1147 3910 1221 3969; x_wconf 77' lang='lat' dir='ltr'><strong>maa</strong></span> 
     </span>
     <span class='ocr_line' id='line_1_41' title="bbox 145 3983 1220 4067; baseline 0.006 -22"><span class='ocrx_word' id='word_1_319' title='bbox 145 3994 232 4046; x_wconf 88' lang='lat' dir='ltr'><strong>erant</strong></span> <span class='ocrx_word' id='word_1_320' title='bbox 251 3987 344 4047; x_wconf 74' lang='lat' dir='ltr'><strong>varias</strong></span> <span class='ocrx_word' id='word_1_321' title='bbox 361 3991 453 4047; x_wconf 87' lang='lat' dir='ltr'><strong>sectae</strong></span> <span class='ocrx_word' id='word_1_322' title='bbox 472 3983 662 4055; x_wconf 68' lang='lat' dir='ltr'><strong>christianas,</strong></span> <span class='ocrx_word' id='word_1_323' title='bbox 682 4002 750 4063; x_wconf 78' lang='lat' dir='ltr'><strong>quac</strong></span> <span class='ocrx_word' id='word_1_324' title='bbox 770 4004 840 4049; x_wconf 82' lang='lat' dir='ltr'><strong>suros</strong></span> <span class='ocrx_word' id='word_1_325' title='bbox 852 3988 983 4067; x_wconf 83' lang='lat' dir='ltr'><strong>asseclas</strong></span> <span class='ocrx_word' id='word_1_326' title='bbox 1000 3987 1169 4053; x_wconf 82' lang='lat' dir='ltr'><strong>habebant.</strong></span> <span class='ocrx_word' id='word_1_327' title='bbox 1183 3988 1220 4051; x_wconf 89' lang='lat' dir='ltr'><strong>lli</strong></span> 
     </span>
     <span class='ocr_line' id='line_1_42' title="bbox 143 4069 1221 4154; baseline 0.008 -25"><span class='ocrx_word' id='word_1_328' title='bbox 143 4069 267 4130; x_wconf 87' lang='lat' dir='ltr'><strong>nornine</strong></span> <span class='ocrx_word' id='word_1_329' title='bbox 279 4071 325 4129; x_wconf 91' lang='lat' dir='ltr'><strong>sui</strong></span> <span class='ocrx_word' id='word_1_330' title='bbox 343 4070 532 4149; x_wconf 76' lang='lat' dir='ltr'><strong>antesignani</strong></span> <span class='ocrx_word' id='word_1_331' title='bbox 544 4070 709 4148; x_wconf 79' lang='lat' dir='ltr'><strong>gloriantes</strong></span> <span class='ocrx_word' id='word_1_332' title='bbox 726 4072 888 4134; x_wconf 86' lang='lat' dir='ltr'><strong>dicebant:</strong></span> <span class='ocrx_word' id='word_1_333' title='bbox 898 4074 964 4151; x_wconf 78' lang='lat' dir='ltr'><strong>Epo</strong></span> <span class='ocrx_word' id='word_1_334' title='bbox 978 4090 1046 4136; x_wconf 80' lang='lat' dir='ltr'><strong>saon</strong></span> <span class='ocrx_word' id='word_1_335' title='bbox 1058 4076 1164 4147; x_wconf 69' lang='lat' dir='ltr'><strong>Posti,</strong></span> <span class='ocrx_word' id='word_1_336' title='bbox 1174 4090 1221 4154; x_wconf 73' lang='lat' dir='ltr'><strong>cpe</strong></span> 
     </span>
    </p>
   </div>
   <div class='ocr_carea' id='block_1_8' title="bbox 0 0 1364 4846">
    <p class='ocr_par' dir='ltr' id='par_1_13' title="bbox 0 0 1364 4846">
     <span class='ocr_line' id='line_1_43' title="bbox 0 0 1364 4846; baseline 0 0"><span class='ocrx_word' id='word_1_337' title='bbox 0 0 1364 4846; x_wconf 95' lang='lat' dir='ltr'><strong> </strong></span> 
     </span>
    </p>
   </div>
  </div>
 </body>
</html>
