2708 4846
143 482 175 538 nt
545 472 815 535 nsnrvrrtrrsre

143 577 225 656 qium
241 576 414 656 excipiendi
425 576 523 640 dictos
536 593 576 638 ex
588 583 673 638 antro
683 592 827 657 vapores,
840 588 876 636 ae
889 571 1018 637 Oraeula
1030 566 1144 634 edendi
1152 570 1221 652 pri·

143 680 223 722 mum
245 662 369 741 puellis,
391 662 625 734 Dianeesaoris,
640 661 723 723 {dein
743 660 865 722 leminis
880 660 974 731 laetate
995 658 1164 735 provectis,
1187 663 1221 719 et

143 747 257 825 Pythiis
271 748 465 826 nuncupatis,
481 749 658 809 attributum
668 748 733 809 huit.
746 750 802 809 Hae
812 746 979 808 insidentes
988 745 1116 823 Tripodi
1127 751 1158 805 et
1167 762 1220 807 va·

141 834 264 912 poribus
281 834 377 906 anui,
397 832 634 914 suffimentisque
654 834 813 896 odoriferis
831 833 870 895 de
889 832 1048 896 industria·
1059 830 1219 903 excitatis,

141 919 225 996 quasi
239 918 272 979 in
283 919 415 980 furorem
431 926 524 991 actae,
538 937 578 983 ex
587 922 668 982 nube
680 920 767 999 spissi
780 919 899 998 vaporis
912 935 982 980 cum
993 914 1150 993 majestate
1161 933 1220 977 no·

141 1005 223 1067 mine
239 1005 392 1085 Apollinis
409 1007 537 1069 metrice
556 1007 669 1068 dabant
685 1005 828 1078 Oracula,
847 1021 915 1083 quae
935 1002 1109 1067 sacerdotes
1127 1008 1220 1066 antea

141 1090 229 1153 modo
241 1092 383 1170 ambiguo
396 1100 427 1153 et
438 1093 566 1154 obscuro
576 1099 674 1154 astrue
687 1097 926 1170 composuerant.

174 1179 245 1239 Jam
262 1196 335 1239 vero
354 1180 387 1239 in
405 1178 464 1239 hoc
484 1186 571 1243 antro
593 1176 735 1257 delphico
753 1178 855 1238 omnia
872 1175 911 1239 ad
928 1175 1031 1238 dolum
1052 1176 1219 1256 composita

140 1271 235 1324 erant.
245 1265 421 1327 Obscuritas
432 1264 514 1326 illius
525 1264 605 1336 loci,
621 1262 712 1340 adyta
730 1263 822 1323 lauris
837 1263 978 1340 obsepta,
990 1259 1174 1332 suffimenta,
1187 1268 1218 1322 et

139 1349 227 1410 cellae
236 1349 452 1420 subterraneae,
470 1349 607 1426 equibus
616 1348 692 1411 vafri
705 1348 878 1410 sacerdotes
886 1346 1004 1424 Pythias
1014 1346 1137 1407 auibus
1150 1363 1219 1424 qun

141 1433 285 1494 volebant
297 1434 445 1512 inspirare
457 1441 615 1513 poterant,
631 1434 663 1495 id
676 1433 749 1494 satis
761 1433 934 1494 evincunt¹.

175 1519 301 1582 Rufinus
315 1521 436 1593 scribit,
450 1520 597 1601 templum
612 1521 734 1598 Serapis
751 1518 998 1598 quamplurimas
1012 1517 1077 1578 vias
1099 1518 1218 1579 subter-

139 1622 245 1668 raneas
254 1607 411 1676 habuisse,
425 1613 457 1667 et
468 1606 623 1684 Scriptura
634 1621 719 1677 sacra
730 1605 789 1677 ait,
802 1603 975 1666 sacerdotes
986 1602 1053 1663 Beli
1066 1619 1122 1681 per
1138 1604 1218 1665 viam

139 1699 286 1754 secretam
300 1692 446 1772 templum
458 1691 579 1771 ingredi
590 1691 694 1754 solitos
708 1691 809 1751 iuuisse.
821 1690 1219 1753 Fornices'sanctuariorum

138 1778 192 1840 tali
202 1777 293 1840 modo
304 1778 468 1839 constructi
482 1785 578 1851 erant,
588 1786 622 1839 ut
631 1795 690 1840 vox
701 1777 820 1857 Pythiae
829 1777 935 1839 fortius
946 1777 1035 1839 solito
1048 1785 1217 1851 resonaret,

138 1871 170 1926 et
180 1864 278 1926 divini
289 1864 364 1942 quid
377 1864 493 1926 habere
506 1864 675 1942 rideretru.
688 1861 765 1926 Cum
779 1865 967 1942 Paganorum
979 1862 1109 1942 templa,
1121 1862 1217 1923 domi-

138 1958 230 2012 nante
249 1951 363 2014 Christi
382 1951 549 2030 religionc,
560 1951 661 2013 diruta
680 1957 764 2022 sunt,
783 1957 914 2029 repertae
928 1950 1051 2010 fuerumt
1065 1949 1217 2029 giganteos

82 2032 86 2037 ’
138 2035 265 2105 deorum
279 2043 384 2096 statuae
396 2053 495 2107 cavae,
507 2037 542 2096 in
556 2052 630 2114 quas
643 2033 807 2097 sacrificuli
819 2035 879 2096 viis
892 2036 1019 2097 occultis
1030 2051 1064 2097 se
1074 2035 1218 2109 ,confere-

138 2121 227 2192 bant,
241 2122 348 2200 ibique
368 2121 497 2182 obseura
513 2129 546 2183 et
565 2123 724 2201 aequivoca
742 2120 887 2192 Oracula,
901 2139 968 2199 quae
985 2122 1018 2182 in
1036 2139 1160 2183 omnem
1172 2125 1217 2184 rei

29 2243 34 2254 ·
138 2213 283 2267 euentum
300 2205 502 2284 quadrabant,
516 2207 774 2267 nominesuorum
793 2205 919 2266 deonum
940 2206 1083 2269 edebant.
1106 2208 1217 2286 Hujus·

138 2291 220 2351 modi
239 2299 325 2352 erent
343 2292 418 2351 ista:
437 2291 499 2353 loto
511 2292 618 2352 redibis
631 2308 790 2369 numquam
802 2293 936 2353 oureus
952 2292 984 2353 in
996 2292 1087 2369 ,bello
1101 2293 1217 2359 Croesus

138 2373 260 2451 {thuim
267 2375 368 2453 Halyn
378 2376 520 2437 transiens
531 2394 670 2456 osopum
681 2378 836 2457 impertiam
845 2377 958 2458 perdet.

339 2520 430 2582 Κροισος
441 2515 500 2566 Aius
511 2513 603 2578 tntu,
613 2515 708 2581 μιγαλην
717 2515 791 2581 ἄρχην
801 2514 927 2566 καταλύσει.

174 2625 225 2691 Oh
235 2627 318 2706 quod
336 2628 476 2695 [ultimum
495 2629 659 2691 oraculum
670 2630 849 2701 OErromaus,
869 2627 1066 2710 philosophus
1084 2645 1215 2712 greum,

139 2710 260 2775 deridet
267 2714 443 2793 Apollinem
453 2712 537 2791 eujus
549 2715 673 2774 nomine
684 2713 920 2776 datumiuerat’.
1095 2775 1100 2783 ,

175 2785 448 2860 HincLueianus³z
460 2799 582 2859 «Recte
593 2798 726 2876 quidem,
738 2799 790 2871 ait,
803 2798 863 2859 hoe
873 2799 987 2870 dixisti,
1000 2800 1124 2880 Apollo,
1136 2802 1216 2882 quod

138 2898 220 2942 neos
232 2882 374 2954 laudasti,
393 2882 445 2960 qui
461 2884 623 2962 perspicue
640 2883 815 2961 loquantur,
831 2901 1011 2963 quamquam
1031 2885 1065 2946 id
1082 2904 1146 2948 non
1162 2887 1215 2948 ad-

137 2987 155 3024 u
167 2967 290 3027 modum
310 2967 343 3026 in
364 2966 502 3029 Oraculis
516 2967 577 3029 tuis
597 2967 761 3031 observare
778 2969 873 3040 soles,
892 2986 961 3048 quac
981 2978 1015 3030 tu
1037 2970 1162 3048 obliqua
1185 2979 1216 3033 et

138 3051 307 3114 »intricata
328 3051 447 3123 reddis,
463 3060 495 3114 et
512 3054 546 3114 in
564 3053 696 3115 mediam
719 3054 981 3135 intercapedinem
1003 3062 1068 3115 tuto
1091 3056 1215 3136 projicis

137 3138 360 3219 uplerumque,
378 3148 412 3201 ut
432 3141 471 3201 ad
491 3157 596 3202 eorum
614 3141 835 3221 expositionem
855 3142 1008 3215 auditores
1025 3141 1085 3203 alio
1105 3149 1215 3224 egeant

137 3224 288 3305 »Pythio
305 3247 321 3281 n

174 3331 190 3368 n
203 3312 272 3371 lem
284 3310 323 3371 ad
334 3312 482 3383 tevenio,
496 3331 512 3367 n
526 3311 568 3371 eit
580 3310 688 3373 Cicero
702 3310 818 3387 (mosis.
832 3312 865 3371 L.
878 3312 930 3390 2),
946 3331 962 3370 n
972 3320 1076 3377 sancte
1085 3314 1213 3395 Apollo,

136 3390 217 3474 iqui
234 3394 410 3455 umbilicum
424 3402 540 3455 certum
559 3400 708 3455 terrarum
720 3391 890 3476 (Delphos)
904 3398 1045 3472 obsides,
1064 3401 1147 3462 unde
1164 3420 1215 3464 so·

136 3480 337 3560 »perstitiose
359 3481 489 3558 pslmurn
508 3496 588 3540 saeve
608 3482 705 3542 evasit
722 3499 781 3544 vos
798 3483 871 3545 tera.
888 3485 962 3546 Tuis
979 3487 1063 3548 enim
1076 3487 1215 3551 Oraculis

136 3565 352 3644 »Chrysippus
366 3570 463 3623 totum
478 3565 619 3627 volumen
632 3566 786 3647 implevit,
800 3569 912 3648 partim
925 3570 1022 3642 salsis,
1032 3579 1067 3632 ut
1077 3589 1134 3652 ego
1147 3574 1213 3653 opi‹

136 3671 153 3709 u
169 3669 240 3725 nor,
253 3651 364 3731 partim
378 3666 449 3710 casu
460 3652 557 3723 veris,
572 3658 607 3712 ut
618 3649 692 3714 fitin
703 3655 785 3715 omni
799 3657 936 3718 oratione
950 3658 1132 3738 saepissime,
1143 3678 1211 3743 par-

136 3757 153 3796 u
166 3735 221 3798 tim
239 3738 410 3817 flexiloquis
426 3745 458 3799 et
475 3739 627 3810 obscuris,
644 3747 679 3800 ut
696 3741 847 3821 interpres
867 3751 957 3822 egeat
973 3744 1159 3825 interprete,
1182 3757 1211 3810 et

136 3839 228 3883 »sors
239 3825 305 3903 ipsa
320 3822 359 3886 ed
373 3829 469 3885 sortes
486 3823 647 3888 referenda
667 3826 722 3898 sit,
738 3828 849 3906 partim
861 3829 1025 3909 ambiguis,
1041 3839 1074 3892 et
1092 3850 1160 3910 quae
1174 3831 1209 3894 od

136 3908 355 3972 »dialecticam
367 3910 532 3973 deferenda
543 3918 627 3984 sunt3
637 3931 654 3970 u
669 3912 780 3994 alleget
792 3914 866 3976 dein
876 3915 1037 3980 obscenum
1049 3916 1208 3984 Oraeulurt

166 4031 690 4088 ¹v1lelntvannaleode0raeulnvet.
702 4038 798 4089 Ethnic.
809 4040 873 4095 Diss.
881 4044 906 4098 2.
918 4038 968 4105 ··².
978 4041 1042 4096 tlte
1051 4043 1209 4105 fonteneio,

136 4102 243 4160 utslotre
252 4102 296 4163 des
306 4104 412 4177 Orodes,
423 4107 463 4159 eh.
471 4109 496 4158 7.
505 4132 534 4146 ·-
543 4104 589 4164 ⁵ln
597 4108 659 4160 lore
667 4109 738 4173 Tros.
748 4109 793 4177 Op.
805 4111 825 4162 t
835 4112 859 4169 5.
