2708 4846
348 475 538 529 nluaollnlt
552 477 761 560 SAGRORUM..
1037 482 1085 536 ss

112 582 186 627 »rom
204 564 436 630 'circumstantiae
458 588 617 633 occurrero
637 573 811 646 videantur,
831 573 940 653 quibus
959 574 1084 639 historia
1110 592 1115 601 ·

112 672 119 713 t
132 655 297 716 convenire
308 672 394 734 posse
406 656 556 720 videatur.

112 741 177 800 urim
187 740 254 801 duae
273 749 342 802 sunt
357 744 514 805 sententiae
534 739 727 826 principales,
737 739 872 825 ¹quarum
886 744 1084 828 prima'illam

112 834 143 887 at
162 834 232 906 post
249 828 454 905 captivitatem
471 829 692 907 babylonicam,
706 830 761 892 scd
774 833 893 912 patroni
911 830 999 910 hujus
1013 849 1083 894 seu·

112 914 159 975 εἰη
176 913 403 975 determinando
420 932 493 995 rege
509 917 564 978 sub
577 935 636 994 quo
650 917 776 978 historia
792 919 937 998 contigit,
952 909 1034 981 inter
1049 934 1083 982 se

112 1001 303 1060 eonsentiunt.
317 1001 454 1062 Secunda
467 1004 616 1063 sententia
626 1002 704 1065 hano
716 1003 870 1065 historiam
877 1004 1004 1066 collocat
1012 1011 1083 1067 ante

112 1103 137 1143 m
149 1084 380 1162 babylonicum,
393 1086 448 1147 sed
461 1088 525 1166 ejus
538 1087 711 1148 defensores
723 1088 756 1148 in
775 1088 932 1149 statuendo
942 1105 1014 1168 rege
1027 1089 1086 1153 sub

112 1170 200 1239 venit,
214 1171 335 1230 interse
345 1170 526 1234 discordant.
537 1174 699 1237 Graviores
705 1171 893 1236 difficultates
899 1175 1004 1255 primae
1012 1192 1083 1239 sen·

112 1286 113 1305 2
129 1257 365 1319 recensebimus.

112 1402 221 1451 :v11l-
230 1400 390 1449 Difficultates
400 1400 529 1449 sententiae
540 1401 667 1449 historiam
678 1401 736 1450 libri
749 1402 834 1452 lulltn
849 1402 1079 1466 palmatinum

380 1469 549 1529 babylonicam
559 1470 709 1521 collocantis.

112 1590 163 1652 .l·
174 1589 604 1668 Postexiliumbabylonicum
622 1591 655 1651 in
675 1590 801 1653 historia
812 1591 935 1671 prolana
952 1611 1015 1654 non
1029 1610 1082 1655 oo·

113 1678 221 1754 aliquis
233 1675 410 1754 Arphaxad‚
421 1694 475 1737 rex
485 1678 610 1749 Media,
623 1686 675 1738 aut
687 1679 795 1756 aliquis
805 1677 1081 1742 Nabuchodonosor

112 1781 195 1825 orans
207 1764 239 1822 in
257 1763 385 1833 Ninive,
400 1762 439 1823 de
452 1764 560 1840 quibus
572 1781 638 1844 cap.
649 1765 662 1823 1
672 1763 744 1823 libri
757 1763 864 1824 Judith
876 1781 974 1825 sermo
988 1772 1043 1826 est.

113 1850 198 1910 inive
207 1855 273 1927 post
283 1848 488 1924 captivitatem
501 1848 713 1926 babylonicam
720 1848 883 1926 neqdidem
892 1850 1002 1920 extitit,
1012 1867 1081 1911 erun

112 1930 600 2016 opolassare,Nabuchodonosoris
610 1933 711 2010 magni
717 1938 802 2012 patre
811 1932 866 1993 626
873 1933 995 1995 circiter
1001 1949 1079 1996 anno

112 2038 182 2083 tram
190 2021 343 2098 vulgarem
360 2035 475 2090 eversa,
487 2025 519 2079 et
528 2035 688 2097 numquam
696 2025 863 2080 restaurata
874 2020 978 2090 sit,.ut
986 2021 1080 2083 Euse-

112 2108 197 2169 babo
208 2113 240 2166 et
251 2105 422 2165 Herodotus
434 2110 581 2165 testantur
593 2104 683 2182 (coni.
694 2123 725 2166 n.
736 2105 801 2176 ete,
812 2104 844 2164 2⁰
854 2112 885 2166 et
896 2105 961 2182 eet)
977 2104 998 2168 ¹.

112 2194 291 2273 lebraelpost
300 2193 425 2252 exilium
435 2190 650 2270 babylonicum
659 2193 755 2273 spatio
766 2192 893 2254 duorum
904 2193 1080 2257 saeculorum

112 2281 199 2351 ‚dein
208 2279 381 2339 Alexandro
389 2295 498 2357 magno
505 2278 704 2340 Macedonum
713 2281 898 2360 imperatori,
909 2282 1080 2345 Ptolemaeis

111 2367 134 2428 ti
146 2366 280 2445 regibus,
294 2371 326 2424 et
338 2364 458 2447 demum
470 2366 593 2444 regibus
605 2366 700 2445 Syriae
712 2365 825 2428 subditi
838 2366 966 2439 iuonmt
982 2368 1080 2433 donec

112 2461 178 2514 ‚tem
195 2468 279 2512 suam
297 2456 523 2530 recuperarunt.
545 2452 577 2510 Si
595 2451 666 2512 huic
684 2451 808 2531 epochm
824 2451 958 2513 historiae
973 2453 1079 2516 isthaec

112 2537 191 2600 anda
197 2544 286 2607 esset,
296 2542 432 2616 tempore
447 2537 591 2597 Antiochi
601 2535 781 2616 Epiphanisf,
798 2553 876 2597 anno
890 2538 944 2598 llil
957 2540 1079 2603 circiter

112 2641 178 2685 :ram
186 2623 342 2703 uulgarem
350 2623 495 2694 defuncti,
507 2623 686 2700 contingere
698 2622 863 2693 debuisset,
873 2624 951 2701 quod
960 2625 1078 2687 admitti

112 2719 191 2772 otest.
212 2711 362 2773 Caeterum
379 2709 412 2768 in
428 2708 508 2767 libro
526 2706 632 2766 Judith
647 2706 895 2767 Judaeidicuntur
906 2709 995 2787 paulo
1008 2718 1078 2772 ante

112 2797 236 2857 ttiuitate
248 2795 387 2863 rediisse,
399 2800 431 2853 et
448 2791 591 2870 templum
605 2791 777 2868 cultumque
792 2792 849 2852 Dei
862 2793 1079 2873 Hierosolymis

112 2898 145 2945 se
161 2878 203 2958 (c.
216 2880 246 2951 d,
257 2879 366 2953 Μ).
387 2877 515 2954 Quando
539 2875 638 2936 Judaei
668 2892 687 2937 e
704 2876 878 2955 captivitate
897 2877 1079 2957 babylonica

112 2970 120 3029 l
136 2974 207 3030 sunt
217 2967 362 3046 templum
378 2964 684 3039 Hierosolymitanum
699 2964 881 3025 destructum
894 2973 969 3029 erat.

112 3106 184 3157 lxix.
196 3130 226 3141 -
237 3104 364 3154 Sententia
374 3100 502 3151 historiam
506 3099 619 3216 dmum
629 3101 688 3148 ante
699 3099 867 3161 captiuitatem
877 3078 1047 3162 babylonicam

476 3182 505 3218 eo
524 3179 607 3217 orans.

135 3298 269 3358 Minores
292 3297 453 3354 occurrunt
472 3288 663 3351 difficultates
685 3290 717 3350 in
737 3289 888 3350 sententia
909 3290 1076 3354 collocante

112 3385 246 3447 istoriam
257 3389 326 3442 anto
338 3379 461 3439 exilium
471 3377 749 3456 babylonicumsub
760 3378 896 3439 Manasse
907 3394 980 3458 rege
989 3378 1077 3439 Judaa

121 3471 245 3549 Assyria
254 3469 383 3545 captivo,
395 3467 432 3526 ad
442 3483 553 3526 annum
562 3466 667 3527 mundi
680 3465 764 3538 ὄδὶιὸ,
778 3472 809 3525 et
823 3464 879 3527 656
892 3472 962 3529 ante
972 3464 1077 3529 Chris·

112 3566 189 3619 tum.
204 3553 368 3616 Sententia*
386 3552 457 3614 huic
472 3552 575 3613 lavere
589 3551 733 3613 videntur
742 3551 977 3633 criteriallibriy
991 3553 1024 3613 in
1038 3568 1075 3614 eo

112 3644 237 3706 elertur.

112 3728 249 3795 ethuliam
259 3727 409 3788 obsessam
422 3740 488 3785 esse
498 3725 537 3786 ab
553 3724 718 3785 Holoicme
728 3726 827 3787 altero
838 3721 916 3787 anno
927 3742 944 3787 a
954 3719 1074 3787 devicto

112 3813 402 3881 tbuehodonosorem
413 3812 605 3888 Assyriorum
626 3828 746 3890 regem,
765 3814 797 3873 in
815 3813 926 3874 Ninive
947 3828 1074 3892 regnan·

112 3896 421 3987 ‘qohmdltledorum
432 3913 520 3976 rege,
535 3905 567 3959 et
580 3897 973 3980 Ecbatanorumconditorc
987 3900 1032 3980 (c.
1043 3900 1072 3973 l,

112 4060 302 4181 fflndhrouio.
313 4098 412 4151 Strabo.
422 4110 448 4161 p.
458 4097 512 4148 lbi.
528 4094 659 4159 lierod.,l.
670 4096 694 4144 l.

933 4183 960 4232 lt
