2716 4838
175 449 240 504 ’Μ
595 442 639 492 DE
657 435 859 490 annueram
902 456 905 461 ’

188 559 247 623 qm
257 540 376 605 ratione
384 530 487 602 ”cultas
499 536 621 599 divinus
629 535 669 598 sit
680 529 898 602 restituendum
909 543 1001 608 quare
1015 525 1107 589 etiam
1118 540 1171 606 ger

188 631 254 712 glas
265 628 455 692 sacerdotum
467 642 502 687 ac
516 623 676 686 levitarum
687 622 752 683 tuse
763 616 897 699 exponit.

225 717 298 773 221.
308 716 384 778 Cum
394 713 467 775 libri
478 710 730 790 Paralipomenon
746 705 843 767 libros
859 704 978 783 Regum
997 701 1171 778 frequenter

187 802 292 882 pleant
314 806 346 863 et
374 798 557 878 explicent,
572 794 770 871 eamdemque
796 790 906 852 crebro
930 786 1088 848 historiam
1111 785 1171 847 rete

188 888 309 965 utrique
318 885 406 947 simul
420 882 595 946 conserendi
606 889 688 953 sunt,
699 888 734 941 ut
743 877 824 957 quod
836 877 870 937 in
885 876 1029 936 alterutro
1043 875 1171 938 obscure

188 972 365 1037 mendosum
377 977 434 1045 est,
445 987 483 1032 ex
493 969 588 1030 altero
601 967 767 1047 explicetur
776 963 828 1025 vel
837 962 1015 1036 corrigatur.

390 1115 622 1171 btmcmrtrns
637 1113 793 1164 Imaonlnt
807 1109 1063 1161 Pantaleonmnon.

433 1239 452 1308 ,ς
461 1241 567 1291 LXXIII.
575 1263 606 1277 -
613 1236 714 1293 utrina
723 1235 825 1287 Ilarldie
835 1234 862 1284 et
870 1232 1014 1284 Salomonis.

225 1373 297 1430 222.
319 1372 350 1449 (1
371 1371 468 1432 Paral.
489 1369 541 1441 22,
560 1368 611 1446 ll)
626 1365 723 1430 Dauid
740 1363 910 1427 Salomoni:
925 1382 941 1419 a
955 1360 1139 1440 preparavi,
1154 1362 1171 1423 ir

178 1478 206 1537 ,o
220 1459 369 1539 impensas
381 1456 488 1518 domus
498 1455 633 1526 Domini,
646 1453 712 1515 auri
722 1451 837 1513 talenta
850 1455 972 1513 centum
983 1447 1090 1520 millia,
1105 1455 1139 1509 et
1151 1464 1170 1511 2

190 1544 304 1604 »mille
314 1543 411 1604 millia
421 1543 613 1603 talentorum.
628 1560 644 1597 n

179 1622 185 1626 ’
225 1631 323 1691 Tanta
339 1630 404 1692 auri
413 1629 591 1708 argentique
600 1625 706 1706 copia.
720 1624 864 1687 aDavide
874 1624 1026 1687 Salomoni
1037 1623 1076 1684 ad
1088 1634 1171 1687 const

189 1715 260 1778 dum
272 1715 418 1794 templum
427 1714 729 1792 hierosolymitanum
741 1712 848 1771 relicta
860 1728 922 1771 non
935 1711 1123 1772 solummodo
1141 1714 1169 1774 D

188 1799 243 1862 sed
256 1801 348 1862 etiarn
359 1799 513 1862 nonnullis
526 1797 745 1879 interpretibus
758 1795 948 1857 incredibilis
960 1798 1024 1857 visa
1035 1805 1095 1868 cst;
1112 1816 1171 1877 qua

167 1889 375 1968 .lnterpretes
391 1886 599 1948 existimarunt
634 1890 789 1947 auctorem
802 1882 1053 1963 Paralipomenon
1071 1883 1171 1965 hyper

114 1980 127 1997 “
179 1973 322 2036 'locutum
341 1990 425 2045 esse,
448 1973 529 2053 quod
545 1972 694 2034 adcuratae
707 1972 889 2032 talentorum
902 1970 1171 2036 determinationis

134 2018 285 2204 Q,
302 2059 357 2120 alii
377 2065 568 2120 autumarent
596 2065 750 2118 auctorem
776 2057 922 2116 talentum
946 2057 1046 2118 minus
1071 2058 1171 2120 adsum

183 2150 244 2210 loc.
257 2205 261 2211 ,
276 2145 385 2206 talenti
406 2145 552 2206 ordinarii
569 2144 759 2213 dardanorum,
778 2143 832 2202 alii
849 2143 901 2203 hic
918 2143 1064 2203 talentum
1082 2163 1171 2224 pron

184 2236 388 2311 sumpserunt,
403 2238 434 2291 et
444 2228 494 2289 alii
511 2228 767 2290 crediderunthic
777 2228 920 2288 mendum
932 2229 964 2287 in
976 2234 1091 2288 textum
1101 2231 1171 2313 irre]

221 2316 336 2375 Verum
354 2330 419 2374 non
439 2313 667 2393 perpenderunt
703 2313 904 2373 vastissimum
923 2329 959 2373 ac
981 2318 1171 2395 sumptuosis

183 2400 330 2480 templum
341 2399 649 2481 hierosolymitanum
660 2417 678 2461 2
688 2401 848 2461 Salomone
856 2408 1034 2472 extructum,
1047 2420 1114 2463 cum
1125 2404 1172 2466 dit

183 2502 238 2547 sua
250 2484 464 2565 suppellectili,
476 2488 684 2567 pretiosisque
700 2488 901 2560 ornamentis,
921 2506 1066 2549 summam
1079 2493 1091 2549 1
1105 2493 1171 2555 Pan

180 2572 220 2646 ¹lh
238 2578 434 2632 memoratam
451 2588 634 2651 supponere.
819 2648 825 2656 ι

220 2660 253 2719 Si
262 2657 539 2719 talentumaureum
548 2659 747 2720 Hebraeorum
757 2658 924 2728 statuamus
933 2663 1046 2724 cumcl.
1055 2665 1171 2729 Calmet

182 2742 287 2817 68,155
307 2744 453 2804 librarum
473 2744 574 2823 gallic.
596 2744 685 2807 bsol.
709 2753 740 2808 et
757 2745 777 2807 8
795 2736 910 2817 den.‚t
942 2756 1045 2808 entum
1064 2753 1132 2812 veri
1154 2770 1172 2815 a

183 2828 268 2898 b,8bd
287 2829 344 2890 lib.
366 2831 444 2909 gal,
464 2830 501 2889 15
516 2831 573 2892 sol.
591 2849 627 2893 ac
643 2834 661 2891 I
679 2833 767 2903 den,
780 2832 914 2894 thesauri
979 2837 1096 2899 Davide
1118 2840 1169 2902 Sal

182 2915 283 2974 rernm
296 2914 523 2977 adscendissent
539 2918 577 2977 aa
592 2918 829 2990 2212122226
845 2921 916 2981 rtur.
931 2888 1085 3001 ,atace
1098 2924 1170 2987 oen.

183 3017 354 3061 summama
366 3002 483 3064 Davide
493 3003 651 3065 collectam
664 3007 755 3067 luisse
769 3007 952 3069 incredibile
963 3027 1012 3070 nor
1039 3012 1171 3076 videbito

182 3085 330 3167 pendenti
352 3087 501 3149 Davidem
512 3088 604 3168 longo
614 3092 911 3170 regnoltbannorum
921 3094 1023 3173 plures
1060 3099 1171 3163 euictos

183 3173 337 3252 spoliasse,
349 3174 433 3235 naria
443 3176 710 3256 tributaapopulis
721 3180 888 3239 tributariis
898 3184 1063 3259 acceptsse,
1081 3185 1171 3248 abllt

183 3257 345 3336 vectigaIIa
367 3266 399 3319 et
416 3278 524 3323 census
545 3261 701 3334 habuisse,
726 3265 907 3324 commercia
934 3266 1063 3326 ditissim
1110 3289 1171 3333 cun

182 3341 302 3422 populis
313 3344 497 3418 exercuisse,
513 3347 546 3406 in
559 3347 717 3424 regionem
729 3348 841 3427 Ophir,
856 3350 920 3409 auri
937 3351 1069 3412 lerachsi
1109 3374 1171 3431 am,

170 3428 214 3487 ‘ei
227 3427 374 3506 patuisse,
388 3435 420 3487 et
432 3428 517 3489 illmn
530 3433 726 3509 parcimoniae
738 3433 903 3504 studuisse,
917 3443 950 3494 ut
965 3442 1117 3505 sunnnams
1131 3461 1171 3507 ms

183 3513 356 3573 cautissimo
369 3513 483 3594 templo
496 3515 663 3577 extruendo
676 3519 878 3578 necessariam
892 3520 1060 3599 colligeret.

219 3599 332 3661 Deletae
344 3598 519 3661 ultimorum
536 3608 706 3681 temporum
718 3603 809 3666 hasce
821 3607 945 3669 Davidis
959 3607 1082 3673 divitias
1098 3596 1142 3677 ut'*

183 3691 228 3746 tas
246 3687 391 3748 habuere.
409 3688 466 3749 Ast
482 3696 627 3767 quantum
648 3691 845 3769 sibimetIpsis
863 3693 963 3756 lucum
982 3694 1125 3774 fecerint,
1142 3651 1171 3741 x

183 3772 263 3850 quod
284 3776 316 3835 in
338 3774 465 3837 historia
482 3778 607 3856 prolana
623 3779 762 3859 legantur
779 3798 882 3862 reges,
897 3786 950 3863 qui
968 3785 1081 3863 majora
1094 3808 1128 3852 re

183 3855 338 3923 habebant
349 3880 438 3941 quam
446 3864 544 3926 David
555 3908 564 3936 ‚
575 3867 699 3929 attentis
707 3866 796 3946 hujus
808 3872 984 3951 regionibus
1003 3876 1156 3942 tributarii

183 3947 378 4025 parcimonia
389 3967 452 4013 non
464 3949 650 4031 studuerant,
661 3960 693 4018 et
704 3954 757 4041 qui
772 3957 902 4041 majores
913 3963 979 4031 auti
995 3964 1158 4053 argentiqu

215 4048 467 4134 ‘attenuante
