2716 4838
472 489 661 538 brunones!
682 488 891 538 SAGRORUM.
1179 489 1226 539 56⁸

145 580 273 651 Christo,
282 580 335 658 qui
348 579 381 640 in
393 596 446 641 sua
455 580 578 642 natione
588 587 651 640 um
660 579 785 640 celeber
796 579 904 651 luerat,
914 579 1102 640 mentionem
1111 579 1223 652 iacere,

144 682 176 725 eo
197 665 296 744 magis
315 665 396 742 quod
416 664 530 724 librum
551 681 638 726 suum
664 663 871 742 Epaphrodito
891 666 956 725 viro
976 663 1142 728 christiano
1166 669 1224 730 sub

141 750 244 810 flavio
256 750 418 829 ¹Clemente
429 751 553 810 consule
565 750 681 829 pariter
693 749 858 810 christiano
872 749 1038 810 dedicaret.
1218 754 1225 770 ‘

171 835 205 896 Y
214 838 347 896 Locutus
359 834 456 896 luerat
467 836 512 895 Fl.
522 835 673 915 Josepbus
684 835 724 896 de
736 835 856 896 Joanne
867 837 1001 915 Baptista
1015 845 1046 897 et
1059 837 1098 899 de
1106 840 1224 902 Jacobo

138 924 272 994 minore3
291 923 461 985 censendus
479 922 609 1002 proinde
623 930 670 984 est
686 921 819 983 noluisse
835 922 927 984 silere
943 923 983 983 de
1002 941 1106 985 eorum
1122 929 1224 1007 capite

138 1009 270 1074 cbristo.

170 1090 361 1153 &iacobum
371 1091 521 1151 minorem
533 1098 623 1153 vocat
633 1099 768 1167 metite„
777 1108 844 1155 ram
854 1121 892 1150 ‹o›
900 1102 1021 1167 team
1030 1109 1135 1170 xeno,
1148 1099 1220 1159 Frn·

135 1187 207 1240 bern
218 1179 289 1238 lesu
301 1176 354 1254 qni
364 1176 457 1236 dictos
467 1176 524 1253 fuit
535 1175 682 1249 Christro,
696 1195 751 1239 seu
761 1179 813 1256 qut·
824 1186 945 1238 ooeotor
954 1178 1097 1242 Christos.
1110 1181 1224 1245 Conse·

136 1270 268 1343 quanter
282 1261 395 1323 adserit
412 1261 535 1332 saltem,
548 1262 653 1321 Jesum
667 1264 855 1324 Nazarenum
875 1263 1023 1324 creditum
1036 1265 1128 1327 luisse
1141 1268 1224 1330 bles-
1337 1334 1341 1340 ,

135 1351 225 1419 siam;
246 1348 357 1407 mirum
374 1346 505 1424 proinde
523 1363 585 1407 non
603 1354 649 1408 est
672 1348 770 1428 ipsum
788 1348 848 1408 alio
869 1348 903 1409 in
919 1349 987 1410 loco
1004 1349 1045 1410 de
1063 1352 1154 1424 lesu,
1166 1353 1224 1416 sub

137 1437 246 1499 eodem
253 1443 396 1514 respectu
407 1433 501 1512 loqui.

167 1533 202 1593 lt·
215 1532 439 1593 Testimonium
451 1530 509 1621 boc
521 1550 590 1593 cnm
606 1530 733 1610 losepbi
746 1532 824 1612 stylo
838 1534 975 1614 apprime
987 1534 1138 1610 cobaeret3
1152 1556 1222 1602 emm

135 1617 256 1719 ceteris
272 1625 373 1677 autem
389 1616 575 1678 sufficienter
595 1618 801 1689 connectitur,
820 1637 890 1679 eum
906 1619 984 1681 illud
1005 1638 1062 1700 per
1081 1623 1223 1688 incidens

136 1704 364 1850 winchina
385 1787 531 1848 testatur¹
548 1805 582 1849 se
598 1787 657 1849 boc
673 1787 802 1868 Josepbi
818 1733 1027 1850 testimonium
1043 1792 1075 1851 in
1094 1795 1221 1871 antiquo

134 1874 242 1938 codiee
256 1872 533 1950 Hierosolymitano
545 1873 674 1951 legisse,
689 1872 826 1950 illudque
840 1881 922 1934 extat
934 1873 968 1934 in
981 1876 1122 1938 omnibus
1135 1879 1222 1940 codi-

134 1959 237 2029 cibus;
251 1958 285 2016 in
304 1957 454 2035 aliquibus
471 1956 628 2018 codicibus
645 1956 789 2017 hebraice
810 1957 961 2018 translatis
979 1958 1122 2036 equidem
1139 1962 1221 2025 desi·

134 2043 272 2114 dentur,
284 2042 339 2103 sed
355 2049 460 2121 aperte
474 2048 573 2122 patet,
587 2041 664 2102 illud
681 2042 821 2103 abrasum
838 2043 940 2104 tuisse.
955 2044 1070 2104 Verum
1087 2053 1134 2108 est
1149 2058 1220 2112 ante
1325 2089 1335 2103 ,

133 2128 298 2191 Eusebium
311 2129 465 2188 neminem
479 2126 537 2188 boc
549 2125 678 2204 Josephi
690 2126 896 2187 testimonium
908 2135 1014 2189 contra
1027 2130 1174 2195 Hebraeos
1183 2150 1219 2197 ac

133 2214 273 2278 Gentiles
280 2214 470 2284 adbibubse3
485 2221 516 2273 at
528 2214 607 2273 ratio
619 2220 676 2281 est,
686 2212 767 2290 quod
780 2220 832 2275 aut
840 2214 918 2274 nibil
931 2222 982 2275 aut
994 2232 1100 2294 parum
1113 2227 1220 2282 contra

131 2302 203 2363 illos
223 2302 381 2381 probaret;
409 2300 584 2361 adstruebat
607 2299 690 2358 enim
721 2299 876 2361 dumtaxat
894 2318 969 2362 vera
997 2319 1063 2364 esse
1085 2321 1155 2382 quae
1178 2308 1219 2368 de

132 2387 247 2453 OErristi
272 2387 426 2448 miraculis
448 2387 643 2456 dicebantur,
662 2386 743 2463 quod
767 2403 826 2448 nec
848 2388 972 2449 Hebraei
995 2406 1054 2450 nec
1080 2391 1220 2457 Gentiles

131 2472 353 2535 inliciebantur.
379 2472 429 2533 Ab
449 2472 582 2534 Eusebio
604 2470 676 2532 ideo
699 2473 830 2550 primum
852 2472 1024 2534 adhibitum
1046 2475 1116 2549 tuit,
1136 2480 1218 2556 quod

130 2559 246 2640 pimus
258 2559 329 2631 luit,
343 2561 395 2636 qui
408 2559 569 2618 veritatem
589 2557 750 2634 Evangelii
769 2574 807 2617 ex
824 2558 957 2635 prolaois
973 2562 1146 2624 auctoribus
1165 2564 1219 2626 de·

130 2645 320 2706 monstravit.
335 2645 407 2702 Post
417 2641 612 2701 Eusebiuma
627 2640 766 2710 nemine,
779 2641 814 2699 in
829 2640 955 2700 dubium
969 2652 1145 2706 revocatum
1161 2649 1219 2709 luit

130 2747 225 2812 mque
244 2730 283 2789 ad
296 2727 440 2788 saeculum
454 2724 605 2784 decimum
617 2731 745 2785 sextum.

162 2811 349 2880 Adversarii
363 2809 505 2888 equidem
524 2807 608 2868 aiunt
622 2807 668 2866 Fl.
682 2808 864 2888 sompnum,
883 2827 953 2872 cum
967 2810 1097 2874 fateatur
1111 2816 1218 2878 lesmn

129 2901 320 2966 nazarenum
332 2913 397 2957 esse
410 2894 566 2965 Messinm,
584 2891 699 2954 Christi
712 2894 893 2974 religionem
906 2896 1050 2976 amplecti
1063 2899 1216 2964 debuisse.

129 2986 247 3050 Verum
260 2982 411 3063 losepbus
422 2983 528 3042 lesum
539 2978 681 3040 Messinm
694 2979 799 3042 dicere
810 2982 910 3061 potuit
922 2982 1030 3044 eodem
1043 3002 1143 3058 sensu,
1156 3006 1217 3067 quo

128 3073 349 3154 inperatorem
357 3067 576 3148 Vespasianum
584 3066 727 3126 Messiam
739 3065 828 3128 dixit.
837 3068 991 3130 Caeterum
999 3069 1120 3131 videtin
1131 3074 1219 3136 Jose-

128 3159 208 3243 plum
231 3155 419 3218 solummodo
438 3155 544 3215 dicere
559 3154 664 3212 lesum
680 3154 868 3214 Nazarenum
886 3153 995 3214 diction
1010 3171 1065 3217 seu
1077 3158 1217 3221 creditum

129 3246 222 3308 tuae
252 3243 413 3314 Messinm
437 3258 508 3303 nam
529 3256 599 3302 cum
624 3239 828 3321 Hieronymus
850 3241 917 3301 baec
939 3239 1035 3302 verba
1059 3244 1216 3324 dosepbi:

128 3329 343 3411 maletat,
363 3327 496 3391 Christos
515 3325 563 3386 bic
580 3331 661 3394 erat,
675 3332 776 3385 vertat
791 3342 848 3406 per
866 3345 874 3384 :
892 3324 950 3386 Hie
967 3326 1138 3387 credebatur
1157 3346 1218 3392 esee

130 3418 281 3486 uelim,
299 3434 316 3476 a
333 3415 437 3475 multis
455 3419 593 3493 putatur,
616 3408 649 3469 in
673 3411 831 3474 codicibus
852 3412 1065 3492 manmcriptis
1087 3415 1216 3497 losepbi

127 3504 272 3569 mam
283 3519 349 3563 esse
364 3517 472 3563 vocem
483 3510 612 3574 tempta.
623 3498 729 3559 dietus.
750 3580 752 3584 y

148 3588 230 3655 :w
245 3604 446 3668 supponamus
461 3587 507 3646 Fl.
521 3586 689 3666 dosepbum
704 3584 744 3645 de
762 3584 883 3646 Christo
901 3583 1034 3645 locutum
1049 3601 1111 3646 non
1129 3602 1216 3660 esse;

125 3670 313 3741 adfectatum
327 3673 391 3752 ejus
407 3672 562 3732 silentium
575 3671 615 3731 de
627 3671 694 3731 viro
705 3687 767 3731 suae
779 3670 913 3730 nationis
932 3676 993 3728 tam
1013 3670 1131 3730 celebri
1147 3689 1216 3752 pro-

125 3758 394 3839 baret-losepbum
405 3757 538 3819 voluisse
550 3757 612 3818 alto
624 3772 766 3838 premere
777 3755 901 3817 silentio
913 3755 995 3834 quod
1003 3755 1092 3818 lateri
1102 3758 1214 3834 nollet.

124 3850 182 3923 net
192 3845 325 3907 retutue
337 3844 481 3906 nesciret.

153 3932 269 4009 tw.
294 3956 421 4006 mmonst.
440 3953 870 4017 evincant.sescenta.
883 3953 943 4015 aa.
956 3953 995 4003 to.
