2708 4846
140 440 187 489 358
504 397 506 401 v
550 436 594 484 be
613 433 816 484 tuentum

139 530 215 591 salsa
227 544 309 601 esse,
325 529 417 589 immo
427 527 532 597 (ioan
544 526 576 587 ll
585 571 596 598 ,
606 525 712 594 titt)
723 523 867 586 Pharisaei
877 528 910 582 et
925 521 1105 584 Judaeortun
1112 521 1211 601 princi·

140 633 213 695 pes:
228 636 243 671 o
257 615 341 692 Quid
355 615 496 683 iacimus,
510 614 665 691 inquiunt,
678 611 748 690 quia
760 609 812 671 hie
823 608 916 670 homo
927 608 1026 669 multa
1040 608 1127 687 sigua
1136 608 1212 671 tacitt

141 721 156 756 n
170 701 203 761 Si
216 699 395 760 dimittimus
403 715 473 758 eum
484 698 540 766 sie,
550 714 657 757 omnes
667 695 795 758 credent
803 696 925 754 insmn.
936 693 1146 778 »Fatehantur
1154 709 1213 771 erqo

138 786 283 848 miracula
305 786 438 856 Christi,
459 785 561 846 sedin
587 801 657 844 eum
678 801 740 844 nou
757 781 969 850 crediderunt,
992 780 1067 857 quia
1091 779 1215 844 Christus

139 889 245 933 corum
257 872 444 954 praejudiciis
457 879 488 932 et
496 869 686 952 passionibus
698 868 924 930 adversabatur.
933 864 1215 928 Notumestludcos

140 963 172 1017 ct
183 958 374 1037 synagogam
398 974 464 1018 aero
488 956 620 1027 Christi,
637 953 783 1033 majorim
803 970 926 1015 suorum
947 952 1058 1013 relicta
1074 951 1214 1021 doctrina,

138 1041 323 1123 praejudiciis
340 1044 498 1124 abreptos,
519 1048 695 1123 expectasse
716 1040 859 1101 Messiam
874 1045 1053 1108 terrenum,
1073 1037 1128 1116 qui
1144 1037 1217 1117 prin·

138 1145 212 1209 ceps
243 1131 472 1211 potentissimus
500 1130 618 1191 iuturus
654 1127 901 1188 florentissimum
935 1141 1069 1208 reguum
1103 1124 1217 1187 llaridis

137 1214 324 1276 restitueret.
349 1215 428 1279 Cum
451 1216 541 1277 Jesus
561 1216 733 1275 Nazarenus
753 1230 788 1273 se
804 1213 897 1273 talem
917 1229 979 1273 non
999 1211 1129 1273 sisteret
1144 1254 1155 1282 ,
1169 1209 1217 1273 sot

137 1299 283 1362 miracula
303 1301 434 1362 maximo
460 1299 700 1361 extraordinaria
723 1305 857 1377 patraret
873 1297 914 1359 ad
932 1297 1130 1378 probandum
1151 1294 1218 1358 diri·

137 1401 209 1446 nam
237 1403 323 1448 suam
354 1387 554 1459 missionem,
574 1393 607 1446 et
634 1385 716 1465 quod
745 1392 825 1446 esset
855 1383 1036 1445 ludaeorum
1059 1383 1217 1445 Messiast

137 1469 300 1550 Prophetis
329 1472 514 1552 praedictus,
541 1471 642 1533 ludaei
667 1471 828 1532 veritatem
853 1468 1072 1530 miraculorum
1100 1466 1217 1532 inficiari

138 1550 221 1616 baud
244 1556 398 1629 valentes,
423 1558 600 1635 quaerebant
622 1557 734 1635 effugia
757 1556 796 1618 ad
824 1554 982 1634 negandas
1011 1554 1218 1616 miraculum

138 1643 386 1720 consequentias,
407 1650 497 1722 atque
516 1643 631 1705 Christi
649 1642 753 1703 divina
773 1658 865 1722 opera
884 1638 1100 1702 attribuebant
1114 1638 1217 1703 natm

138 1725 275 1804 magicis,
284 1727 335 1787 vel
344 1727 533 1807 usmpationi
545 1727 677 1789 nominis
686 1727 824 1797 Jchovae,
836 1723 919 1803 quod
927 1723 1216 1787 absurdumomnluo

139 1816 220 1879 erat3
233 1827 302 1870 curu
311 1811 344 1872 in
355 1810 616 1874 confirmationem
625 1813 737 1872 erroris
745 1827 818 1873 vera
825 1809 972 1870 miracula
979 1807 1050 1869 lieri
1061 1815 1216 1889 nequent.

176 1894 257 1956 Hine
270 1896 398 1976 ineptiae
405 1897 444 1957 de
461 1915 555 1959 sensu
565 1898 732 1976 allegorico
750 1895 966 1957 miraculorm
979 1894 1100 1957 Christi
1121 1910 1176 1976 per
1187 1910 1218 1956 se

138 1983 386 2045 monteronem
398 1981 1217 2063 siresm'reetioChristiuonnisiallegoriccseumyrties

139 2067 331 2145 contigisset,
345 2066 478 2128 ihomas
487 2066 696 2129 difficultatem
710 2066 790 2128 ltaud
807 2067 953 2129 movisset
965 2066 1056 2128 illam
1068 2066 1214 2130 credmui

139 2150 228 2214 Cous.
241 2152 338 2213 oded

138 2284 354 2352 §mm-Nun
363 2287 410 2335 soll
419 2288 533 2338 homiues
542 2287 617 2337 rudes
626 2301 656 2336 ac
664 2288 751 2349 plebei
756 2287 845 2337 Christi
857 2287 975 2337 miracula
987 2288 1022 2337 ab
1031 2288 1108 2341 tutio
1116 2286 1217 2341 affl·

269 2358 271 2362 “
310 2357 385 2414 ruut,
396 2356 499 2416 eiusque
510 2356 658 2416 religionem
668 2357 779 2418 amplexi
789 2355 860 2406 sunt!
870 2356 907 2406 De
917 2357 1054 2421 vampiris.

176 2472 249 2528 m.
264 2471 436 2533 Woolstcn
457 2472 571 2551 aliique
590 2474 703 2535 Deistae
716 2475 929 2554 pretendunt,
945 2477 1076 2538 muniri
1091 2475 1217 2537 hirtus

138 2557 230 2620 rudes
245 2559 425 2640 ctplcheios
434 2559 549 2622 Christi
560 2562 715 2624 miraculis
733 2564 914 2633 credidisse,
925 2564 1216 2644 etejmreligisnn

139 2645 180 2706 ab
190 2645 280 2792 iffiio
291 2647 444 2724 amplexos
457 2648 655 2721 essebonum
664 2658 765 2711 arrtem
775 2648 867 2712 fidem
876 2667 1078 2724 eamcam,
1088 2649 1216 2736 uihuqu

138 2747 193 2808 pro
251 2748 278 2792 o.

173 2818 205 2876 J.
219 2818 249 2877 J.
264 2820 420 2880 ltorssear
433 2839 441 2878 ε
455 2838 472 2875 o
484 2819 577 2881 Estne
587 2820 622 2880 iu
633 2820 746 2880 mundo
757 2819 897 2892 historia,
911 2820 972 2890 ait,
984 2826 1031 2880 tot
1044 2820 1216 2882 teni-ruffi

139 2903 365 2981 »comprobata
375 2920 410 2964 ac
420 2904 472 2964 illa
481 2899 1213 2988 VampirorumtEnimverouihilemrrirwdut,

138 3007 158 3042 κ
168 3003 238 3048 cum
249 2987 371 3049 illorum
389 2991 582 3052 existentiam
598 3000 780 3054 attestentur
794 3009 954 3072 processus
967 2994 1130 3067 verbaloe,
1140 2992 1215 3055 tnti-

138 3091 156 3128 u
170 3071 275 3133 monia
288 3076 496 3146 neumarum,
508 3075 733 3156 chimirqornm,
748 3076 963 3154 parochorum,
978 3079 1214 3157 magistrum·

46 3189 49 3192 -
138 3154 365 3234 »probationes
379 3157 512 3234 juridice
531 3157 724 3221 sufficientes.
745 3161 783 3220 Et
803 3165 907 3219 tamen
926 3162 994 3236 quis
1011 3161 1215 3224 credutlln·

139 3239 299 3319 npirosln
1131 3316 1134 3321 Ι

173 3325 237 3387 Sed
247 3325 275 3385 si
286 3327 380 3388 etiam
393 3331 452 3389 soti
467 3326 609 3390 honines
621 3327 712 3389 rudes
722 3329 877 3409 acplcbeii
887 3327 1003 3391 Christi
1012 3326 1215 3395 mir-uculia'tlt

136 3409 226 3471 initio
243 3408 335 3472 tidem
355 3412 583 3485 adhibuissent,
605 3430 643 3475 an
662 3413 735 3477 inde
755 3423 936 3492 sequeretur
955 3416 1012 3476 illa
1039 3432 1113 3480 esse
1134 3414 1216 3479 labri

136 3496 217 3556 Num
228 3495 321 3558 mles
330 3503 361 3556 et
374 3497 477 3576 plebei
492 3498 581 3558 honis
593 3499 689 3562 oculis
703 3507 735 3561 et
746 3501 868 3562 auribus
880 3501 1021 3563 msuueti
1034 3519 1101 3563 nors
1111 3504 1217 3565 suti!

136 3581 218 3644 docti
238 3590 269 3644 et
289 3584 428 3645 nobitest
443 3584 494 3645 hd
510 3584 698 3647 credendum
710 3595 810 3648 autem
817 3588 964 3649 muscula
983 3586 1119 3661 Christi,
1139 3588 1217 3651 illm

136 3670 224 3730 uerbi
236 3671 335 3750 gratia
350 3671 455 3751 paucis
472 3673 618 3750 panibus,
630 3675 794 3752 paucisque
810 3676 948 3755 piscihus
959 3675 1051 3755 pluo
1067 3677 1217 3739 honim

136 3755 233 3817 millia
246 3757 407 3831 telesiae,
420 3759 513 3819 caecis
522 3760 637 3830 vhmn,
654 3761 771 3823 claudis
789 3762 958 3834 iucessrnn,
973 3761 1217 3844 morbusqusri·

136 3848 199 3900 tam
207 3842 388 3917 reddidisse,
402 3863 474 3904 uum
483 3846 708 3921 requirebatur,
720 3850 818 3925 utqui
829 3849 896 3910 haee
908 3849 1059 3912 videbant
1070 3860 1107 3913 rt
1115 3849 1217 3914 erede·

136 3925 211 3988 hant
225 3939 326 3991 essent
345 3931 445 4000 docti,
464 3931 588 3993 nobiles
609 3949 644 3993 ao
662 3933 790 3994 divites?
806 3935 901 3995 Primi
920 3933 1044 3997 Christo
1063 3937 1217 3999 medente

135 4011 1215 4106 lueruntutiqucduodccimillittcratipiscatores‚multiqucdepupulo;

136 4105 167 4159 nt
179 4098 284 4160 lalsum
297 4104 420 4166 omnino
431 4111 490 4178 est,
504 4121 626 4172 omnes.
640 4123 692 4184 qm
705 4106 745 4166 ab
757 4106 845 4169 initio
858 4107 973 4172 Christi
986 4110 1081 4173 iidem
1090 4105 1215 4192 amplexi
