2708 4846
482 483 664 534 tlttltoltlltt
682 486 878 536 stcuouuu.
1173 491 1219 542 87³

135 577 274 646 luerunt,
289 575 361 654 quia
375 584 460 637 erant
471 579 585 657 regulae
597 581 663 658 ejus
675 581 873 643 educationis.
888 583 966 645 Cum
979 583 1139 646 Zacharias
1151 604 1219 647 cer-

135 660 300 721 titudinem
324 659 439 720 habere
464 672 590 742 cuperet
611 666 677 742 spei
700 667 906 743 consequendi
928 666 1075 726 infantem
1095 667 1127 726 in
1151 668 1217 746 ipso

134 755 225 815 ortae,
239 746 320 825 petit
330 763 390 823 quo
401 747 487 826 signo
497 749 579 811 illius
588 750 702 810 certior
712 748 939 812 tierettverum
949 752 1007 813 boc
1017 752 1110 813 dubio
1120 753 1219 815 credit
1234 809 1238 820 .

134 848 166 892 se
177 833 210 890 in
222 833 322 890 mum
330 845 488 909 peccasse,
502 850 623 912 poenam
634 835 797 904 memisse,
811 836 932 914 sibique
944 836 1005 897 dici
1017 853 1027 896 t
1038 836 1117 912 Quia
1126 838 1217 899 modo

133 919 263 978 nimium
279 916 398 976 locutus
416 933 458 988 es,
478 937 540 979 non
554 920 682 997 amplius
696 920 828 997 loqueris
848 922 1030 999 usquedum
1042 924 1144 983 omnia
1158 924 1217 983 im·

133 1001 217 1080 pieta
229 1001 301 1061 sint.
313 1000 389 1064 Cum
402 1009 503 1062 autem
516 1003 705 1063 existimaret
723 1021 844 1075 vocem,
859 1006 908 1066 cui
926 1005 1130 1066 omnimodam
1144 1008 1218 1069 obe-

132 1086 283 1147 dientiam
294 1101 328 1145 se
342 1085 457 1146 debere
469 1087 643 1147 autumabat
655 1088 755 1168 ipsum
769 1089 809 1150 ad
823 1088 979 1151 silentiam
988 1089 1215 1164 condemnasse,

132 1171 308 1250 nequidem
319 1170 403 1248 loqui
418 1170 566 1239 tentavit,
585 1179 645 1230 etc.
830 1242 834 1248 Ι

168 1256 215 1314 Er
230 1255 288 1316 bac
301 1255 490 1334 expositione
502 1261 586 1333 patet
604 1255 641 1314 D.
660 1254 769 1317 Paulus
785 1261 879 1317 totam
890 1257 1042 1318 visionem
1062 1256 1216 1320 zachmtae

131 1345 167 1400 nt
182 1339 324 1400 ellectum
340 1338 405 1417 ejus
424 1355 573 1417 percussae
591 1339 817 1418 imaginationis
838 1340 969 1410 habere,
992 1341 1074 1419 quod
1091 1357 1181 1420 quam
1197 1359 1217 1407 a

131 1442 207 1486 vero
223 1424 358 1484 alienum
376 1425 416 1484 sit
430 1441 469 1483 ex
492 1441 529 1484 eo
549 1424 613 1484 solo
637 1431 734 1503 patet,
753 1424 835 1503 quod
854 1441 895 1486 ne
912 1425 1076 1505 vestigium
1092 1425 1215 1504 quidem

131 1507 305 1588 hujusmodi
318 1509 431 1587 ineptae
442 1508 577 1568 historiae
595 1509 782 1588 imaginariae
800 1510 832 1570 iu
851 1527 942 1572 sensu
953 1510 1046 1572 obvio
1055 1512 1146 1572 Lucae
1159 1511 1214 1573 de-

131 1595 349 1676 prehendatur.
360 1596 475 1654 Verum
485 1613 587 1675 operae
596 1596 727 1674 pretium
736 1604 792 1666 est,
802 1605 835 1656 ut
842 1597 996 1658 audiamus
1006 1615 1042 1658 ae
1050 1596 1214 1659 retutemus

131 1683 266 1742 rationes
281 1681 322 1740 ob
335 1697 408 1758 quas
420 1682 456 1739 D.
470 1681 580 1742 Paulus
590 1682 669 1742 hanc
683 1683 919 1760 explicationem
935 1683 1091 1759 amplexus
1100 1690 1161 1752 est,
1175 1699 1213 1742 eo

130 1766 322 1847 magisquod
342 1767 382 1825 ob
394 1767 461 1826 illas
480 1767 513 1826 io
534 1784 588 1827 suo
609 1768 833 1829 Commentario
855 1766 1163 1845 philologicocritico
1182 1773 1214 1827 et

130 1854 276 1915 historico
288 1854 383 1912 multa
394 1853 454 1914 alia
465 1853 542 1913 iacta
554 1853 739 1932 Evangeiica
751 1854 784 1913 in
795 1869 917 1913 sensum
931 1868 947 1912 a
960 1870 1050 1913 sensu
1061 1853 1213 1913 communi

130 1941 266 2001 alienum
281 1939 453 2017 detorquet.

167 2031 241 2084 854.
259 2026 289 2085 l⁰
302 2025 519 2105 Adparitiones
531 2025 722 2104 angelorum,
735 2025 780 2085 ait
790 2026 829 2086 D.
842 2022 967 2086 Gottlob
980 2024 1101 2093 Paulus,
1115 2023 1212 2102 magis

129 2112 286 2190 magisque
306 2116 339 2169 ut
357 2109 561 2190 impossibiles
579 2117 631 2169 aut
651 2109 759 2170 saltem
776 2118 810 2169 ut
830 2110 1029 2171 incredibiles
1045 2109 1210 2177 habentur,

130 2213 168 2258 eo
181 2194 265 2273 quod
281 2194 425 2274 explicari
444 2196 551 2272 nequit
569 2195 720 2272 quomodo
735 2197 816 2256 entia
837 2195 1040 2275 incorporalia
1063 2194 1095 2253 in
1112 2193 1212 2254 aliena

129 2299 246 2362 organa
261 2298 352 2360 agere
368 2282 498 2361 possiut3
514 2314 545 2325 -
563 2283 634 2359 quia
646 2283 850 2360 apparitiones
864 2283 995 2344 discerni
1013 2300 1076 2343 non
1087 2287 1212 2361 possunt

129 2369 171 2430 ab
190 2367 416 2448 operationibus
435 2367 581 2446 potentiae
602 2368 822 2448 imaginativae3
841 2371 960 2448 -quia
982 2369 1099 2430 nullum
1119 2365 1212 2427 tinem

128 2453 331 2519 sufficientem
346 2453 475 2524 habent,
492 2471 560 2516 cum
571 2455 750 2535 plerumque
761 2456 800 2517 ad
813 2457 1017 2517 curiositatem
1031 2453 1211 2535 explendam

128 2540 271 2609 tendant3
283 2571 315 2584 -
326 2539 397 2616 quia
406 2538 578 2610 hominem,
592 2541 687 2617 quise
699 2557 757 2620 per
767 2557 803 2599 ea
814 2558 881 2616 quse
892 2541 1042 2616 inspicere
1053 2546 1084 2597 et
1096 2537 1211 2596 exami-

128 2643 204 2688 nare
216 2631 318 2706 potest
330 2623 464 2703 dirigere
478 2623 587 2694 debet,
604 2625 713 2684 alienae
730 2622 901 2682 auctoritati
915 2628 960 2681 tot
976 2621 1211 2696 deceptionibus

128 2711 272 2775 obnoxiae
293 2709 530 2778 assuefacerent3
560 2740 591 2751 -
617 2708 644 2767 si
667 2709 760 2767 ctiam
790 2706 1017 2784 impossibilitas
1038 2702 1210 2778 hujusmodi

128 2797 352 2879 adparitidnum
362 2793 562 2856 demonstrari
579 2793 702 2870 nequit,
715 2793 848 2870 ipsarum
861 2789 1061 2870 possibilitas,
1077 2795 1108 2847 et
1119 2805 1137 2847 a
1149 2788 1210 2847 ior-

127 2885 202 2946 tiori
216 2883 340 2944 realitas
359 2882 457 2943 adhuc
472 2881 573 2941 minus
592 2878 793 2940 demonstrari
808 2884 922 2958 potest;
937 2890 1030 2952 quare
1047 2873 1209 2953 explicatio

126 2968 271 3032 litteralis
281 2968 504 3049 adparitionum
516 2964 694 3045 angelorum
707 2970 753 3025 est
765 2980 842 3024 vana
854 2961 1042 3042 hypothesis.

163 3055 199 3118 2⁰
207 3056 320 3134 Augeli
333 3073 394 3116 uon
405 3054 653 3115 habentnomina
665 3050 823 3122 hebraica,
836 3057 871 3109 ut
882 3048 1006 3127 angelus
1019 3049 1105 3124 (Luc.
1116 3048 1143 3118 l,
1155 3047 1208 3122 ts)

127 3141 234 3204 habet.
247 3141 279 3201 Si
298 3139 423 3218 angelus
441 3155 549 3218 reapse
565 3137 766 3215 adpamissct‚
789 3134 970 3212 prudentem
992 3132 1145 3192 Zachariae
1160 3133 1209 3192 in-

125 3225 382 3305 terrogationem,
395 3240 454 3301 qua
470 3240 504 3283 se
517 3229 622 3284 contra
632 3235 754 3280 omnem
764 3218 937 3279 illusionem
949 3215 1067 3275 munire
1080 3215 1210 3275 conaba-

125 3319 193 3383 tur,
204 3311 305 3390 potius
318 3309 468 3370 laudasset
481 3325 570 3387 quam
583 3306 742 3387 puniisset.
753 3304 786 3366 Si
800 3302 960 3365 Zacharias
976 3300 1100 3362 realiter
1110 3307 1209 3360 mutus

125 3396 235 3458 fuisset
246 3395 355 3463 iactus,
367 3391 499 3454 osticium
510 3391 715 3461 sacerdotale,
731 3408 790 3468 quo
807 3388 994 3451 solummodo
1006 3386 1065 3447 viri
1076 3384 1143 3446 sine
1153 3385 1208 3446 de-

126 3479 259 3543 fectibus
267 3477 473 3557 corporalibus
485 3478 568 3556 iungi
577 3483 717 3556 poterant
726 3476 810 3553 juxta
819 3476 893 3535 Lev.
906 3473 953 3542 il,
968 3472 1011 3542 ll,
1023 3471 1106 3531 illico
1120 3469 1210 3530 dese·

125 3564 254 3634 ruisset,
275 3580 344 3623 cum
366 3570 466 3623 umen
490 3579 528 3622 ex
548 3562 621 3621 Luc.
646 3561 678 3630 l,
700 3560 737 3620 23
761 3566 879 3620 constet
904 3558 991 3616 illum
1020 3556 1207 3617 solummodo

125 3649 371 3726 Hierosolymam
381 3649 549 3709 deseruisse
562 3646 685 3724 impletis
703 3647 801 3706 diebus
812 3642 915 3721 officii.

162 3732 198 3796 δ’
217 3734 351 3795 Historia
364 3732 506 3811 religiosa
524 3731 715 3808 antiquorum
733 3728 911 3809 populorum
929 3726 1020 3787 docet
1035 3741 1139 3785 omnes
1154 3743 1209 3784 ve-

124 3818 360 3883 tereshistorias
371 3834 548 3897 magnorum
566 3817 714 3885 virorum,
728 3832 765 3875 ex
779 3812 991 3873 traditionibus
1005 3811 1135 3871 cratibus
1147 3812 1208 3890 pri·

124 3906 220 3969 mitte
231 3907 391 3986 proiectas,
401 3905 467 3983 pias
477 3901 613 3964 fictiones
623 3900 822 3971 continuisse,
833 3906 866 3958 ut
876 3915 913 3958 ex
923 3896 1057 3957 historiis
1067 3896 1105 3956 de
1115 3896 1205 3972 Cyro,

124 3990 231 4053 Tullio
246 3991 391 4060 llostitio,
404 3989 486 4049 Julio
499 3987 635 4058 Caesare,
649 3994 707 4047 etc.
721 3991 849 4044 constat.

163 4073 197 4137 a·
210 4074 383 4138 Orientalcs
402 4074 539 4154 proprias
556 4072 771 4152 cogitationes,
786 4069 871 4146 queis
888 4065 1006 4145 objecta
1019 4073 1142 4128 externa
1155 4085 1207 4130 oc·
