2708 4846
140 472 173 524 n
540 463 585 512 nu
604 458 816 512 ultimum

98 560 104 570 “
137 533 1220 644 quedequeverterentursupcrstitiosumvulgttscalamitatespublieas

137 648 255 728 asagis
273 640 441 727 provenire
455 643 580 714 effutiit,
602 649 633 703 et
651 641 724 702 hinc
748 637 968 700 conclamatmn
985 632 1058 703 fuit,
1072 646 1092 691 a
1106 632 1220 711 magis·

136 734 265 797 tratibus
276 734 310 794 in
327 731 406 792 hauc
419 738 550 812 pestem,
564 745 631 808 quae
648 742 763 788 secum
777 721 869 784 bellis
888 738 906 781 e
924 717 1133 799 septentrione
1147 717 1221 778 effu

137 822 247 891 disset,
261 817 476 896 inquirendum
489 831 566 875 csse.
586 813 720 875 Publicis
732 809 875 871 indocilis
887 807 971 886 vulgi
990 803 1220 865 vociferationi-

137 899 709 987 busprincipessatisfacturi,uegotium
719 891 993 975 coguoscenderoi
1003 891 1221 951 commisertmt

137 992 285 1073 praefectis
298 1006 333 1049 ao
352 986 605 1049 consiliariis‘lli
622 992 712 1044 tantae
729 978 944 1062 aggrediendae
961 994 996 1038 ao
1016 976 1221 1056 expediendae

136 1079 184 1139 rei
196 1075 310 1156 ignari,
324 1091 389 1134 rem
403 1074 435 1132 in
447 1088 547 1131 moras
560 1068 680 1130 trahunt
688 1089 696 1140 ;
715 1068 772 1130 sed
783 1066 821 1128 ad
834 1066 991 1143 negotium
1009 1063 1221 1125 maturandum

136 1165 249 1225 insanis
270 1160 453 1224 clamoribus
465 1158 601 1237 publicis
614 1157 791 1235 adiguntur3
811 1169 903 1231 quare
915 1168 972 1230 por
992 1151 1221 1212 festinationem

137 1249 305 1327 improbam
315 1247 410 1307 mrrlta
422 1246 526 1323 inepte
541 1251 572 1303 ct
585 1250 690 1301 contra
701 1242 768 1315 jara
776 1247 860 1317 gesta
872 1239 1002 1296 fuerunt.
1016 1238 1222 1298 Accesscrtmt

137 1337 237 1397 adbuc
249 1334 458 1414 prefectorum
471 1331 668 1408 aliquorrnuo
687 1326 840 1403 ¹sequendi
853 1324 999 1393 studimu,
1013 1340 1049 1384 ac
1062 1322 1221 1384 uonnullo·

136 1441 203 1482 auru
215 1422 353 1483 volumtas
366 1417 522 1479 exhaustis
535 1415 711 1477 consulendi
725 1413 849 1472 aerariis.

174 1511 255 1586 Ergo
274 1522 462 1585 quocumque
483 1505 548 1564 fere
567 1504 727 1562 mittuntur
747 1505 926 1578 quaestores,
948 1497 1016 1573 qui,
1036 1501 1071 1554 ut
1093 1497 1219 1565 assolet,

137 1596 230 1654 multa
252 1594 419 1670 impetuose
433 1598 540 1669 agtmt,
562 1597 593 1650 ct
614 1589 742 1648 feminas
757 1585 933 1653 nonnullas,
956 1600 1078 1645 rumore
1090 1585 1176 1663 vulgi
1188 1591 1221 1644 ut

136 1685 228 1760 sagas
249 1680 436 1758 designatas,
453 1676 631 1753 corripiunt.
645 1676 677 1733 si
694 1673 742 1732 lam
759 1672 845 1731 uralae
864 1670 934 1735 vitat
953 1677 1055 1740 erant,
1075 1670 1219 1746 qrractibot

135 1768 277 1846 impietas
297 1764 336 1824 dc
354 1764 416 1823 illis
435 1762 689 1842 praesmnebatur;
710 1761 736 1820 si
755 1764 841 1817 erant
859 1756 963 1836 probae
975 1755 1062 1824 vitae,
1077 1756 1220 1817 virtutem

136 1852 279 1914 simulare
292 1849 482 1912 dicebantur.
497 1847 721 1926 Trepidabant?
740 1842 940 1919 Augebantur
958 1842 1157 1902 conscientiae
1176 1858 1221 1901 re·

136 1939 297 2000 morsibus.
316 1935 524 1996 Persistebaut
547 1934 663 1993 fortes?
682 1930 901 2006 adiuvabauttu
919 1943 937 1986 a
955 1926 1130 1987 diabololi
1148 1928 1220 1990 taeoo

135 2025 293 2085 bomiumn
305 2020 446 2081 vilissimi
462 2020 496 2078 iu
517 2027 662 2078 anteactae
680 2019 752 2077 vitae
770 2015 851 2075 dicta
865 2021 896 2073 et
918 2012 996 2073 facta
1009 2014 1218 2091 inquirebant,

137 2126 174 2169 ac
187 2107 349 2185 singulam
363 2105 482 2178 culpam
495 2104 602 2179 magiae
616 2102 884 2178 detorquebantur.
898 2100 1020 2160 bliseris
1031 2099 1118 2160 hisce
1135 2104 1219 2164 victi·

136 2193 196 2254 mis
216 2207 275 2252 neo
291 2190 422 2269 spatium
440 2203 473 2247 se
492 2186 657 2264 purgandi,
676 2202 736 2244 uec
759 2193 904 2263 patronus
921 2185 1164 2259 concedebatur,
1184 2204 1219 2250 eo

138 2276 220 2355 quod
232 2275 356 2336 fanatici
367 2274 499 2420 lippiam
516 2273 623 2331 crimen
636 2279 783 2349 exceptum
795 2272 950 2332 dicebant.
962 2271 1107 2350 Quisquis
1119 2272 1220 2352 hujus·

138 2363 222 2425 modi
233 2362 396 2422 mulierum
430 2360 617 2421 efensiouem
629 2360 660 2418 in
682 2376 715 2420 se
732 2360 888 2440 suscipere
899 2359 1038 2428 volebat,
1059 2361 1219 2439 pessimam

139 2450 180 2512 de
191 2450 291 2529 seipso
303 2447 479 2528 opinionem
491 2446 655 2527 praebebat.
670 2448 708 2506 Et
724 2447 751 2507 si
764 2464 830 2524 quae
843 2446 954 2507 mulier
967 2445 1067 2517 fortis,
1083 2448 1220 2509 bonitate

138 2552 202 2598 suae
214 2551 311 2597 causae
322 2535 410 2605 nixa,
424 2536 457 2595 vi
473 2534 597 2596 dicendi
615 2534 812 2611 inquisitores
824 2551 860 2595 ac
874 2534 1049 2611 cognitores
1066 2542 1220 2614 perterre·

138 2621 209 2692 bat,
222 2620 296 2682 novi
307 2620 443 2681 criminis
454 2637 523 2690 rea,
538 2637 572 2683 ac
586 2621 735 2681 obstinata
746 2618 926 2679 habebatur.

137 2746 142 2753 -
175 2707 373 2769 Destiuantur
384 2714 540 2785 praetensae
559 2707 620 2765 illae
634 2708 720 2784 Sagae
738 2704 776 2765 ad
793 2705 992 2782 quaestionum
1008 2709 1177 2775 tormenta,
1188 2711 1221 2768 ut

139 2800 238 2856 semet
248 2809 316 2854 reas
327 2792 488 2863 fateantur,
502 2792 725 2871 complicesque
741 2793 898 2862 revelent;
912 2790 1019 2851 sedne
1036 2808 1097 2872 opo
1115 2792 1220 2855 diabo-

138 2881 202 2942 lica
214 2894 248 2941 se
260 2883 365 2938 contra
384 2876 521 2938 dolorem
540 2879 694 2946 muniant,
715 2875 862 2937 raduntur
877 2877 1051 2955 petulanter
1071 2884 1138 2939 toto
1154 2890 1220 2941 cori

138 2982 231 3047 pore,
243 2964 276 3025 in
290 2962 562 3024 verecundioribus
575 2963 711 3042 partibus
723 2962 916 3041 impudenter
928 2978 964 3022 ac
980 2962 1158 3029 scandaloso
1167 2982 1220 3027 ex·

141 3051 307 3119 ominatur,
326 3064 362 3108 ac
380 3048 452 3108 dein
472 3049 510 3109 ad
530 3046 693 3110 terrificam
710 3048 881 3109 machinam
893 3048 1126 3126 suspendmttm.
1139 3053 1221 3113 luter

139 3134 310 3199 horrendos
321 3134 471 3195 cruciatus
484 3135 663 3203 excitantur,
675 3142 709 3194 ut
721 3152 785 3194 reru
794 3133 953 3202 fateantur,
967 3149 1022 3193 seu
1033 3139 1067 3193 ut
1079 3153 1148 3198 sese
1156 3137 1219 3199 sinc

140 3220 318 3300 ambagibus
330 3236 397 3280 reas
408 3219 620 3300 profiteantur,
634 3223 762 3280 fatentes
775 3235 792 3278 a
803 3219 890 3279 ferali
907 3220 1102 3299 deponuntur
1112 3222 1220 3285 instro

140 3314 260 3376 meuto;
274 3311 435 3383 negantes,
449 3312 498 3365 ter
510 3311 626 3382 quator,
641 3311 745 3365 contra
757 3322 862 3366 omnes
873 3306 958 3385 leges
970 3305 1007 3367 ad
1017 3323 1098 3368 nora
1110 3308 1219 3391 suppli

140 3397 191 3457 cia
202 3393 369 3472 rapiuntur,
382 3398 544 3470 propterea
557 3390 637 3468 quod
650 3391 751 3471 Magia
764 3392 872 3452 cumen
884 3400 1032 3472 exceptum
1043 3391 1218 3468 baberetm,

141 3488 175 3542 ct
185 3478 263 3542 nihil
276 3475 393 3536 usitatae
406 3476 556 3553 aequitatis
568 3476 753 3538 admitteret.

146 3616 150 3620 .
178 3566 212 3627 Si
224 3559 484 3624 vehementissimi
497 3567 714 3623 tormentorum
733 3563 853 3625 dolores
865 3564 1025 3625 mulierem
1039 3564 1125 3627 adse
1138 3582 1215 3630 ream

141 3650 295 3713 fatendam
315 3646 457 3726 adigtmt‚
477 3648 600 3710 tandem
618 3650 657 3710 de
677 3667 732 3711 suo
749 3651 878 3713 crimine
899 3651 1058 3722 convenit;
1072 3653 1101 3714 si
1117 3671 1213 3717 omnot

143 3737 292 3798 eruciatus
305 3733 424 3794 fortiter
436 3733 560 3805 tolerat,
575 3735 712 3798 diabolus
724 3737 808 3797 illam
820 3736 967 3798 confortat
974 3756 983 3808 3
1001 3737 1027 3798 si
1040 3738 1074 3798 in
1086 3740 1211 3801 acerbis

142 3823 219 3883 sima
230 3820 436 3882 membrorum
448 3822 583 3881 omnium
593 3822 763 3893 lunatione,
775 3839 948 3902 summaque
960 3824 1072 3885 mentis
1085 3826 1221 3906 exagita-

144 3910 229 3971 tione
242 3908 344 3969 oculos
363 3908 574 3969 circumvolvit
592 3910 857 3972 infortunatissima
876 3911 997 3981 mulier,
1018 3911 1128 3988 quaerit
1144 3912 1222 3975 aina-

144 3993 237 4066 sium;
249 3993 276 4055 si
288 3994 356 4057 illos
377 3991 459 4074 figit,
478 4011 548 4054 eum
559 3995 645 4056 videt
650 4014 659 4066 ;
673 3995 699 4054 si
712 3997 824 4074 patitur
833 3991 928 4058 ¹animi
943 3996 1128 4075 deliquium,
1142 4016 1222 4061 eom·

143 4086 235 4177 pacto
256 4076 347 4147 ludit.
359 4081 514 4179 q'statiores
536 4082 636 4153 ignari
657 4098 694 4143 ac
717 4082 838 4146 fallaces
860 4083 991 4147 maculas
1009 4084 1221 4159 nonnulaota
