2708 4846
240 474 272 522 ω
656 470 700 518 DE
715 466 926 518 ntvrntrarn

280 565 332 623 ee.
352 562 554 644 agnoverunt
572 562 607 624 id
623 562 684 641 ipsi
700 562 901 643 sapientiores
919 559 1089 621 Gentilimn
1101 578 1109 619 a
1123 560 1208 622 Plato
1220 562 1313 655 (dicis

242 648 324 712 biad.
339 652 366 710 ii
389 669 439 730 op.
453 651 514 712 vol.
527 651 555 711 a.
568 650 642 712 edit.
656 652 776 730 Bipont.
788 669 820 730 p.
833 649 903 728 too)
920 651 1076 710 Socratem
1087 649 1131 709 ita
1149 650 1310 727 loquenten

243 736 360 797 inducit
374 757 381 795 :
396 739 557 799 «Necesse
571 744 618 798 est
630 743 805 817 expectare,
815 734 913 797 donec
926 734 1059 796 discatur
1070 736 1307 813 quemadmodum

243 842 258 878 r
271 822 311 882 ad
322 824 419 882 Deum
433 830 464 883 et
473 821 736 884 bomineshabere
748 838 781 883 se
793 821 911 882 deccat.
924 841 941 879 a
954 820 990 882 Ei
1003 821 1171 882 Alcibiades
1183 825 1304 904 reponit:

242 907 395 984 «Quando
412 911 485 979 erit,
513 925 532 968 o
555 910 711 980 Socrates,
725 908 877 984 atquibus
889 908 1083 987 {praeceptori
1104 907 1304 984 jucundissimo

241 1014 257 1050 a
272 996 353 1055 enim
366 995 447 1056 hune
460 996 630 1065 hominem,
643 994 778 1073 quisquis
791 994 865 1065 erit,
883 1010 1084 1073 agnoscam»

277 1081 360 1144 ldem
370 1083 456 1144 Plato
470 1079 482 1161 (
496 1083 527 1143 in
540 1081 720 1162 Epinomide
732 1082 745 1158 )
755 1082 818 1142 ait:
834 1101 850 1137 α
863 1081 941 1141 Mihi
960 1098 1080 1161 semper
1092 1083 1192 1145 vismn
1206 1092 1265 1157 est,
1280 1091 1302 1147 et

242 1187 257 1225 o
271 1170 361 1231 etiam
378 1187 458 1231 nune
469 1169 607 1240 videtur,
619 1168 693 1229 alias
702 1183 807 1228 omnes
820 1174 902 1229 artes
912 1185 974 1228 non
990 1167 1152 1230 admodum
1165 1171 1301 1257 difficiles,

243 1273 256 1311 a
270 1254 425 1315 hominum
448 1272 523 1316 vero
545 1254 585 1314 ad
605 1255 824 1337 rectamvitam
837 1253 1058 1315 institutionem
1070 1255 1163 1336 longe
1175 1255 1301 1319 difficilli-
1342 1248 1345 1317 i

241 1359 256 1395 n
268 1357 361 1411 mam;
373 1362 389 1398 n
400 1357 493 1419 quare
506 1339 623 1401 ibidem
633 1337 719 1400 addit
729 1358 736 1397 :
746 1358 763 1395 a
772 1340 891 1399 Docere
900 1339 1045 1417 pietatem
1053 1342 1301 1425 neminempossa,

241 1446 256 1481 r
275 1427 333 1487 nisi
346 1429 426 1488 Deus
438 1426 523 1504 quasi
537 1426 596 1486 dux
609 1432 641 1485 et
652 1425 795 1502 magister
805 1424 969 1504 praeiverit.
984 1446 1001 1482 a

275 1513 391 1575 Tullius
403 1514 415 1591 (
427 1513 494 1574 Lib.
510 1512 524 1571 i
550 1511 590 1572 de
606 1511 675 1571 Nat.
694 1510 807 1589 Deor.)
824 1529 862 1569 τι(
875 1509 1066 1573 Perdiiiiciiis
1084 1519 1116 1574 et
1131 1515 1303 1579 obscuraret

241 1617 257 1654 n
269 1601 410 1675 quaestio,
424 1600 540 1678 inquit,
553 1597 592 1659 de
601 1602 707 1657 natura
717 1598 864 1665 Deorum,
876 1596 915 1657 de
924 1615 982 1676 qua
991 1605 1052 1659 tam
1060 1599 1154 1660 variae
1164 1610 1235 1663 sunt
1245 1602 1304 1664 doc·

240 1705 256 1742 c
275 1686 456 1748 tissimorum
486 1684 658 1753 hominum,
683 1689 806 1760 tamque
836 1682 1041 1762 discrepantes
1073 1687 1250 1757 sententia,
1276 1693 1304 1749 ut

240 1791 256 1827 n
268 1789 378 1852 magno
391 1778 566 1852 argumento
580 1786 646 1832 esse
658 1768 786 1840 debeat,
799 1783 933 1839 causam
947 1769 978 1829 id
991 1777 1036 1829 est
1049 1771 1233 1852 principium
1244 1773 1303 1855 pbi-

239 1879 255 1914 »
268 1859 414 1942 losophiae
427 1875 493 1921 esse
511 1857 687 1929 scientiam,
707 1854 933 1935 prudenterque
949 1855 1149 1921 Academicos
1166 1857 1206 1920 de
1223 1861 1305 1923 rebm

239 1963 255 2001 a
267 1954 329 2006 tam
341 1947 465 2009 incertis
477 1944 668 2006 abstinuisse.
682 1963 700 1999 n

273 2033 439 2093 Jamblieus
453 2031 505 2104 (in
519 2030 582 2089 vita
592 2029 784 2107 Pythagorae,
797 2027 832 2089 C.
846 2026 884 2086 28
895 2027 907 2101 )
920 2045 928 2085 ε
943 2046 959 2082 «
972 2027 1120 2103 QuaeDeo
1129 2038 1216 2109 grata
1228 2041 1304 2105 sumt,

239 2131 255 2168 n
268 2114 325 2183 ait,
339 2115 418 2175 scire
429 2111 553 2174 difficile
565 2118 611 2171 cst
627 2111 688 2171 nisi
701 2110 768 2188 quis
781 2108 832 2172 vel
844 2125 925 2182 eum,
940 2110 992 2187 qui
1003 2111 1102 2172 Deum
1115 2112 1251 2187 audivit,
1262 2116 1306 2180 vei

237 2200 363 2260 ttDertm
374 2201 473 2278 ipsum
482 2197 642 2260 audiverit.
655 2216 674 2255 a

274 2285 337 2345 Sed
358 2286 513 2346 audiamus
529 2282 732 2344 celebriorum
754 2280 1001 2364 philosophorum
1029 2283 1192 2364 gentilium
1215 2287 1308 2368 quoad

238 2373 329 2433 citata
339 2379 466 2450 quatuor
478 2371 577 2452 capita
589 2386 716 2431 errores.
728 2370 767 2429 Et

274 2461 326 2516 aa.
335 2461 359 2519 Ι.
370 2458 500 2536 Quidem
511 2459 615 2519 dicere
623 2456 776 2527 nolumus,
790 2457 951 2520 nonnullos
960 2457 1159 2540 philosophos
1165 2465 1309 2545 aegyptios

238 2562 306 2709 pisan}
317 2546 428 2708 Quo
440 2545 569 2691 cotluisse
582 2542 793 2625 quadrupedes
802 2545 973 2625 etplantas,
985 2546 1024 2609 de
1033 2549 1144 2626 quibus
1156 2551 1309 2616 Juvendn

278 2648 316 2692 a.
403 2648 472 2692 cam
498 2649 508 2692 a

417 2755 514 2817 oppida
524 2754 575 2803 tota
585 2765 671 2803 canem
682 2741 845 2818 venerarier,
856 2768 929 2805 nemo
938 2758 1051 2808 Dianam.

416 2827 518 2873 Porrum
528 2826 623 2884 etcepe
633 2823 818 2886 neiasviolare,
828 2838 858 2875 ae
868 2826 979 2889 irangere
990 2841 1081 2878 morsu.
1212 2821 1218 2855 ¹
1252 2828 1256 2833 '

416 2893 1083 3009 ganeasgpntes,quibmnecnascunturinnortu
1182 2906 1186 2911 '

438 2974 562 3011 umma....
585 2977 588 2982 '

273 3070 322 3133 ao
333 3069 501 3150 AEgyptiis,
518 3070 561 3130 aa
573 3070 718 3152 Virgilius
732 3071 874 3149 (aneta.
888 3074 922 3135 n.
933 3074 965 3148 a,
977 3094 1006 3138 v.
1016 3057 1310 3154 cottianorum

415 3209 625 3275 omnigenumque
636 3211 710 3265 deum
720 3215 842 3277 monstra,
853 3217 879 3264 et
889 3216 989 3266 latrator
999 3216 1099 3266 Anubis.

270 3321 339 3382 Non
356 3321 655 3383 commemorabimus
676 3321 793 3400 aliquos
812 3321 1007 3404 philosophos
1024 3333 1057 3386 ut
1073 3328 1200 3389 nemim
1213 3344 1310 3391 vene·

234 3414 314 3470 ratos
329 3421 396 3468 esse
409 3407 521 3467 Jovem
533 3407 736 3470 incestuosum
752 3418 968 3490 emptorem,
989 3415 1174 3475 Mercurium
1195 3417 1305 3488 mern,

233 3493 361 3554 Martem
373 3489 555 3563 adulterum,
572 3493 727 3556 Venerem
746 3497 956 3575 prostibulum,
967 3507 1025 3559 etc.
1042 3499 1129 3560 Haud
1144 3501 1308 3565 referemus
1329 3544 1336 3569 ,

233 3575 427 3659 philosophos
439 3576 515 3638 alios
526 3593 595 3637 eum
606 3581 737 3659 antiquis
747 3582 1048 3663 Carthaginensibus,
1062 3585 1174 3658 Gallis,
1188 3588 1308 3651 Ameri-

232 3665 331 3735 canis,
343 3662 590 3736 Brasiliensibus,
602 3673 660 3728 ete.
674 3668 802 3729 barbara
813 3668 959 3731 sacrificia
971 3670 1101 3732 burnana
1111 3676 1307 3754 approbasse,
1330 3738 1334 3748 ,

233 3749 307 3811 aiios
319 3748 507 3812 consensisse
517 3750 637 3829 Scythis
648 3754 784 3832 quintam
794 3762 912 3834 partem
926 3757 1185 3835 captivormndiis
1202 3763 1309 3826 immo·

232 3834 380 3907 lantibus,
393 3834 470 3897 alios
487 3837 669 3916 approbasse
687 3838 803 3900 incolas
815 3841 953 3902 Tauridis
967 3844 1125 3927 naufragos
1140 3848 1248 3913 Diana
1259 3868 1308 3915 sa-

233 3917 479 3994 crificantes38ed
489 3922 648 3985 citabimus
656 3941 775 3986 errores
782 3926 1048 3993 celeberrimorum
1056 3932 1308 4017 philosophorum

233 4006 420 4081 Gentilismi‚
439 4009 478 4071 ad
501 4029 576 4089 quos
598 4013 785 4080 Naturalisiae
802 4015 942 4083 moderni
958 4025 1108 4102 anquam
1123 4021 1307 4091 adamnani

231 4093 353 4175 gennis
363 4093 502 4181 doewras
517 4106 692 4180 provocant.
