2708 4846
138 454 186 504 m
541 456 585 506 bit
603 452 807 507 AUTHEN'HA
1188 531 1200 539 ..

137 562 229 624 aquas
245 539 479 624 inquirentium?
493 548 544 609 An
562 539 854 612 nrdlusdudaeorum
870 546 1014 618 vidisset,
1031 541 1141 623 aquam
1151 545 1210 623 jam

34 704 39 713 Ι
136 630 184 690 ibi
203 631 308 692 adesse
329 639 489 710 antequam
507 637 627 714 Moyses
642 652 748 714 rupem
764 651 818 696 sua
831 633 916 709 virga
932 632 1122 711 percuteret?
1133 631 1211 707 Quo-

138 717 225 779 modo
244 719 364 796 Moyses
379 719 456 781 hanc
469 722 604 782 fraudem
618 723 769 782 occultare
781 719 943 798 potuisset?
956 719 1068 778 Notum
1080 726 1143 790 est,
1155 719 1212 779 Ta-

137 803 230 864 citum
241 805 275 864 in
288 804 447 865 referenda
460 809 582 883 antiqua
594 808 770 868 Judaeorum
781 805 907 864 historia
916 804 980 864 tere
993 812 1117 883 'semper
1128 804 1212 864 aber·

135 905 203 949 rare
224 909 232 948 ε
253 911 269 947 «
287 892 330 950 Ea
341 907 408 966 quae
427 891 465 951 do
480 892 594 952 Judaeis
606 893 727 970 scripsit
744 892 877 960 Tacitus,
891 890 933 949 ait
945 889 983 949 cl.
999 888 1212 960 Hoocke,om·

137 994 154 1032 a
166 977 251 1035 nium
265 975 381 1052 judicio
398 977 525 1036 multum
544 978 683 1036 minuunt
695 977 776 1036 iilius
788 974 1006 1034 auctoritatem.
1019 974 1109 1034 Haud
1119 989 1210 1053 pauca

137 1060 206 1122 »de
218 1062 392 1122 Judaeorum
406 1064 526 1140 origine
536 1071 567 1124 et
580 1063 725 1123 institutis
737 1062 844 1132 habet,
855 1061 953 1121 sedin
966 1062 1108 1121 omnibus
1120 1062 1211 1121 termo

137 1165 154 1203 a
171 1147 308 1225 supinam
324 1147 426 1223 prodit
442 1148 661 1225 ignorantiam,
675 1148 787 1224 iiiique
804 1147 908 1206 nescio
927 1163 986 1222 quo
1005 1146 1065 1206 fato
1085 1144 1211 1225 contigit

137 1248 155 1289 u
166 1231 244 1292 nibil
253 1231 304 1292 vix
315 1233 444 1303 reterre,
455 1232 535 1308 quod
548 1250 610 1292 non
620 1233 712 1293 distet
723 1248 740 1290 a
753 1231 881 1292 veritate
894 1229 915 1292 ¹.
930 1249 946 1288 a

487 1377 588 1446 §xxm
598 1406 628 1417 -
636 1383 673 1430 Dc
684 1379 858 1428 Praeadamitis.

175 1514 246 1573 no.
269 1513 334 1592 obj.
357 1515 448 1573 Juxta
466 1514 595 1592 Moysen
617 1513 647 1573 Γ
660 1513 758 1591 (Gen.
771 1530 799 1573 c.
818 1513 831 1570 i
848 1519 879 1572 et
891 1530 918 1572 c.
932 1511 979 1592 2),
993 1510 1078 1571 aiunt
1089 1511 1210 1572 Natrua·

137 1597 231 1671 listae,
245 1598 344 1659 Adam
360 1598 418 1658 fuit
432 1599 546 1676 primus
558 1598 658 1671 homo,
670 1615 687 1657 a
700 1617 759 1675 quo
773 1605 842 1657 aute
856 1597 1002 1657 diluvium
1018 1615 1109 1657 omne
1122 1614 1213 1677 genus

136 1678 295 1745 hominum
307 1683 483 1756 descendit,
503 1684 583 1761 quod
595 1685 626 1743 2⁰
638 1683 720 1761 juxta
728 1685 826 1763 ipsum
835 1691 903 1761 post
914 1682 1062 1742 diluvium
1071 1698 1210 1763 propaga·

137 1777 203 1830 tum
217 1772 304 1831 suita
324 1769 395 1831 tiliis
410 1770 528 1831 Noemi.
542 1772 612 1831 Jam
627 1788 700 1832 vero
718 1770 775 1831 bac
787 1771 819 1828 in
831 1785 865 1829 re
878 1770 999 1845 Moyses
1010 1770 1071 1830 sibi
1085 1770 1144 1851 ipsi
1154 1784 1209 1830 non

139 1863 270 1926 constat3
281 1872 351 1916 nam

177 1941 206 2001 Γ
224 1942 352 2002 Genesis
362 1942 395 2013 ἱι,
408 1940 428 2000 2
443 1940 549 2001 scribit
577 1940 720 2011 cainum,
734 1941 864 2019 primum
877 1939 987 1999 Adami
999 1938 1112 2011 filium,
1126 1940 1207 2001 fuisso

139 2027 317 2105 agricolam,
330 2031 363 2086 et
373 2025 530 2096 ¹Abolom,
544 2026 671 2085 aiterum
685 2025 794 2086 Adami
807 2024 917 2095 filium,
932 2032 1085 2104 pastorem
1104 2026 1205 2086 ovium

140 2112 214 2172 Haec
225 2117 324 2171 autem
336 2118 506 2189 supponunt
516 2118 586 2169 ante
604 2110 754 2170 Adamum
766 2111 841 2170 aiios
853 2111 989 2170 extitisse
1001 2110 1151 2181 homines,
1163 2108 1207 2191 qd

139 2196 338 2257 instrumenta
350 2197 541 2274 agriculturae
554 2196 691 2257 fabricati
711 2204 811 2266 erant,
824 2203 856 2256 et
866 2197 905 2257 ab
918 2196 1091 2275 aliquorsum
1102 2196 1207 2277 rapaci·
1252 2248 1254 2255 .

139 2290 202 2344 tate
215 2299 323 2361 greges
334 2281 547 2343 custodiendos
556 2283 657 2344 tuisse.

177 2366 209 2425 2⁰
222 2364 317 2440 (Gen.
329 2367 363 2435 t,
376 2365 412 2443 7)
424 2367 505 2426 Deus
516 2365 620 2426 invido
633 2367 728 2429 Gatno
742 2387 749 2426 :
761 2389 777 2425 «
787 2364 980 2442 Nonne,ait,
990 2368 1108 2429 sibene
1119 2368 1208 2449 eger'a

141 2474 159 2511 a
172 2453 302 2530 recipies
320 2472 327 2511 :
345 2453 392 2512 sin
405 2458 505 2512 autem
517 2454 611 2524 maie,
624 2455 725 2513 statim
738 2455 770 2514 in
782 2455 893 2532 [oribus
904 2463 1063 2536 peccatum
1076 2455 1207 2516 aderittr

69 2541 78 2564 '
140 2539 215 2598 Haec
232 2556 305 2598 vero
319 2539 478 2610 evincunt,
493 2539 568 2600 alios
585 2546 650 2599 tum
665 2541 800 2600 extitisse
818 2542 972 2613 homincs;
986 2559 1056 2603 cum
1068 2559 1129 2603 vox
1139 2543 1210 2621 {ortt

140 2621 292 2770 sigpisrcet
312 2633 414 2705 portos
434 2625 598 2697 civitatum,
619 2626 676 2689 sub
689 2626 798 2704 quibus
814 2629 846 2688 in
859 2629 986 2691 Oriente
1001 2626 1210 2710 judiciapera'-

141 2725 180 2788 ge
202 2717 300 2770 antur.
959 2732 961 2736 ³
1023 2717 1026 2723 '

177 2793 209 2852 5⁰
221 2791 321 2870 (Gen.
333 2795 369 2864 b,
380 2793 431 2871 ii)
450 2794 572 2867 Cainus,
587 2797 687 2858 occiso
700 2797 792 2857 fratre
802 2797 920 2858 Abele:
936 2799 1085 2869 «Omnis,
1101 2798 1209 2878 inqntt,

143 2879 226 2956 aqui
247 2879 401 2938 invenerit
420 2895 487 2949 me,
503 2880 622 2940 occidet
633 2898 693 2940 me.
714 2901 730 2936 a
742 2881 902 2942 Debebant
913 2884 1006 2962 igitur
1018 2884 1073 2944 aiii
1086 2884 1210 2945 existere

141 2964 291 3034 homines,
305 2965 443 3040 aquibus
459 2965 569 3028 Gaium
581 2967 640 3026 sibi
654 2983 761 3027 necem
773 2967 909 3027 timebat.
1031 2970 1038 2983 '
1201 2990 1205 2997 ·

177 3049 210 3109 Ψ
223 3048 317 3125 (Gen.
327 3050 362 3121 lt,
374 3048 426 3126 ii)
436 3052 556 3128 Moyses
568 3052 691 3112 scribit:
705 3071 720 3106 a
734 3051 884 3129 Cognovit
898 3055 973 3116 Cain
984 3072 1210 3128 uxoremsuam,

143 3149 240 3210 »quat
252 3131 394 3204 concepit
405 3137 436 3191 et
451 3134 571 3210 peperit
583 3133 708 3192 Henocb
724 3151 731 3191 :
745 3134 1212 3212 etaedificavitcivitatem,voca-
1231 3160 1234 3169 ·

143 3214 277 3290 »vitque
292 3230 402 3273 nomen
419 3213 484 3287 eius
499 3232 536 3273 cx
548 3216 671 3274 nomine
685 3213 739 3273 filii
756 3215 802 3275 sui
819 3215 957 3275 Henocb.
970 3236 985 3270 u
998 3218 1091 3279 Unde
1105 3234 1213 3299 provo·

141 3295 236 3355 nisset
248 3293 305 3353 ista
318 3295 405 3356 Caini
420 3313 514 3366 uxor,
522 3295 548 3354 si
560 3304 629 3355 ante
643 3296 791 3355 adamum
803 3296 940 3355 homines
952 3314 1013 3356 uon
1026 3302 1213 3363 extitisseutt

141 3376 238 3436 Nullae
247 3375 389 3435 mulieres
399 3393 494 3452 usque
505 3375 542 3435 ad
553 3376 676 3436 citatum
687 3385 800 3437 textum
811 3379 1090 3457 praeterHevamin
1101 3380 1214 3444 Genesi

143 3458 320 3517 occurrunt?
332 3456 423 3515 Unde
441 3456 569 3533 protecti
591 3465 692 3517 essent
711 3459 761 3519 isti
778 3459 926 3530 homines,
941 3461 993 3536 qui
1006 3461 1213 3524 aedificatam

143 3538 237 3676 paine
249 3537 404 3677 ctipitatem
415 3538 544 3598 choob
556 3539 762 3611 incoluerunt,
771 3542 830 3602 nisi
839 3549 908 3601 autc
917 3543 1067 3603 Adamum
1075 3544 1213 3607 hominen

155 3636 254 3679 mssen

179 3699 210 3759 5⁰
229 3700 403 3760 Americani
429 3717 447 3760 a
466 3702 574 3761 Noitmi
595 3700 666 3762 siliis
686 3701 872 3765 descendere
893 3704 973 3765 haud
992 3714 1133 3785 possunt,
1146 3723 1217 3770 erma

143 3782 284 3845 America
300 3785 339 3845 ab
352 3784 425 3844 Asia
445 3793 476 3845 et
494 3787 561 3847 aliis
578 3787 681 3847 mundi
698 3790 832 3864 partibus
848 3790 1002 3853 immensis
1018 3793 1153 3854 maribus
1169 3812 1218 3855 sc·

141 3866 245 3946 juncta
256 3871 309 4016 spt,
322 3878 353 3932 et
368 3872 480 3950 posteri
493 3873 600 3933 Nobmi
616 3874 743 3936 navibus
755 3878 794 3937 ad
811 3876 988 3956 trajicienda
1000 3885 1082 3941 tanta
1092 3895 1228 3957 equora.

144 3968 270 4013 oareren
1224 3986 1231 4009 τ

173 4057 291 4121 itlootko
301 4078 310 4115 r
319 4068 442 4131 Principia
452 4070 532 4131 aaliz.
543 4071 596 4121 Mat.
607 4073 633 4122 ot
642 4073 704 4123 lior.
714 4071 733 4122 t
744 4073 768 4123 2.
865 4140 873 4151 ,
