2708 4846
149 448 196 494 tta
551 447 597 493 DF·
615 445 825 494 turnultus

148 545 252 617 pateat
267 532 436 614 'mriptores
455 554 588 618 paganos
602 545 642 600 oe
657 539 812 600 miraculis
823 537 1012 617 evangelicis
1031 554 1098 598 non
1113 553 1219 617 prorsus

147 623 265 685 siluisse
280 644 288 682 ε
301 624 347 687 sic

184 709 218 768 l0
226 707 623 789 Chalcidite‚'philosophus
628 709 797 788 platonicus
806 704 891 770 tertii
904 704 1024 778 saeculi,
1035 708 1068 769 in
1078 726 1133 771 suo
1142 708 1221 773 Com-

145 800 297 856 mentario
318 796 351 856 in
375 797 524 856 Timarum
547 796 682 856 Platonis
705 795 841 878 loquitu*
864 792 903 857 de
925 794 1122 877 adparitionc
1145 812 1221 858 nora

146 879 243 940 stella
256 887 288 940 et
299 879 339 940 de
348 880 525 941 adoratione
536 881 705 959 Magorum.

183 966 216 1027 2⁰
230 966 419 1038 Macrobius,
430 974 517 1028 autor
533 966 671 1053 ethnicos
691 967 794 1028 saeeuli
815 965 929 1045 quarti,
940 961 1034 1026 'libro
1047 966 1081 1034 T,
1091 984 1120 1029 c
1133 968 1168 1042 t,
1179 966 1222 1030 Se

147 1055 312 1115 trrrnalium
330 1062 546 1117 commemorat
562 1055 786 1116 infanticidium
804 1053 937 1115 Herodis
957 1053 1222 1126 sustoniense

147 1155 210 1216 qm
230 1141 399 1218 hugushrm
422 1141 511 1216 imp,
536 1157 606 1202 cum
629 1138 777 1200 audiisset
798 1134 1089 1200 Herodcmeodem
1111 1140 1224 1203 circitor

147 1233 285 1300 tempore
304 1227 404 1288 occidi
419 1226 543 1304 jussisse
557 1227 751 1305 Antipatrum
767 1223 861 1285 filium
874 1242 961 1285 suum
973 1224 1222 1308 primogenitum,

147 1311 259 1372 dixisse
274 1332 281 1371 :
295 1314 401 1372 Melius
414 1321 456 1372 est
469 1311 594 1371 Herodis
607 1328 731 1390 porcum
742 1327 897 1388 essequam
908 1308 1038 1387 filium&

183 1395 215 1455 5⁰
225 1397 346 1467 Celsos,
359 1397 557 1477 philosophus
574 1399 734 1474 epicureus
750 1397 854 1458 saecutt
866 1396 1010 1468 secundi,
1022 1397 1109 1477 apud
1125 1397 1224 1478 origa-

147 1498 218 1542 nem
228 1485 339 1543 latetur
347 1482 500 1544 Christum
509 1484 541 1542 in
552 1483 720 1562 AEgyptum
730 1483 864 1542 delatum
875 1481 1026 1553 tuisse‚et
1038 1483 1072 1542 in
1090 1483 1223 1546 nam

147 1566 186 1629 tle
203 1568 332 1629 veritate
343 1565 489 1630 miracula
499 1565 613 1630 Christi
626 1568 755 1628 minime
761 1573 871 1646 negat,
883 1565 939 1627 sed
950 1581 987 1627 ea
996 1568 1111 1647 aragia
1120 1568 1223 1632 inde

146 1653 286 1713 attribuit

182 1735 215 1805 b?
235 1737 387 1817 Phlegon,
406 1738 549 1798 hibertus
567 1735 695 1797 Adriani
711 1737 785 1816 imp.
795 1735 880 1797 circa
890 1748 1004 1797 annum
1017 1734 1075 1797 tto
1086 1753 1158 1801 arar
1167 1738 1223 1801 vd

145 1822 227 1904 garis
239 1824 480 1895 monoculum
498 1822 534 1881 to
549 1821 763 1902 olympiadum
775 1822 896 1900 insigne
908 1820 961 1882 dat
972 1822 1223 1889 testimoniata

75 1954 78 1958 Δ
145 1912 298 1974 vaticiniis
318 1913 348 1971 J.
360 1911 413 1981 C.‚
427 1911 466 1970 de
480 1927 585 1969 eorum
599 1917 726 1979 eventu,
744 1908 914 1989 praesertim
926 1907 968 1969 de
979 1909 1073 1970 ruina
1090 1912 1223 1975 trium

144 1999 249 2078 lymre,
263 2007 354 2079 atque
370 1998 488 2060 ibidem
508 1998 624 2076 pariter
639 1998 826 2058 mentionem
842 1996 916 2057 tacit
932 1995 973 2057 de
993 2004 1088 2060 terras
1105 2008 1223 2063 metuet

145 2085 185 2146 de
210 2084 450 2147 extraordinaria
473 2083 580 2163 eclipsi
603 2082 710 2153 solari,
733 2098 800 2161 quae
822 2089 963 2162 tempore
985 2085 1098 2148 mortis
1117 2082 1222 2149 chisti

145 2172 289 2251 contigit,
313 2177 344 2231 et
364 2186 454 2247 quam
468 2168 597 2230 collocat
611 2176 717 2247 quarto
735 2185 813 2228 anno
828 2168 1022 2246 Olympiadis
1032 2170 1108 2245 202,
1118 2172 1168 2252 qui
1178 2179 1221 2234 eet

144 2275 240 2319 aunru
254 2258 356 2320 obitus
368 2259 398 2317 J.
412 2257 448 2319 C.
464 2264 495 2317 et
511 2257 547 2315 l8
558 2256 678 2317 Tiberii
691 2256 893 2335 imperatoris.

180 2343 212 2402 5⁰
221 2342 345 2411 Thalus,
356 2349 460 2402 auctor
467 2358 584 2419 graccus
598 2341 700 2401 saeculi
710 2340 814 2419 primi,
823 2340 903 2401 libro
917 2340 1217 2424 dhistoriaeryr'mcn,

143 2428 259 2508 pariter
278 2433 407 2487 testatur
427 2443 507 2486 anno
527 2426 563 2485 l8
575 2425 694 2485 Tiberii
707 2426 781 2506 imp.
795 2426 926 2488 suhitam
937 2427 1218 2515 caligineminipn

143 2513 273 2575 meridie
284 2514 381 2575 visam
390 2511 492 2572 tuisse.

179 2599 212 2661 6⁰
225 2599 342 2662 Saecrrlo
359 2597 451 2657 tertio
470 2594 568 2657 adhuc
591 2596 741 2658 existebat
758 2598 791 2658 in
808 2597 941 2660 archivis
952 2602 1092 2666 romania
1101 2604 1216 2677 relatio,

142 2703 233 2768 qtram
246 2686 359 2747 Pilatus
376 2684 417 2744 de
429 2685 507 2754 rita,
518 2684 688 2755 miraculis,
703 2691 843 2744 etmorte
855 2686 886 2744 J.
900 2684 1215 2753 chomanorum

142 2775 288 2843 lustinus,
302 2770 517 2840 Tertullianus,
532 2776 591 2830 etc.
605 2786 686 2848 sepe
700 2769 738 2830 ad
752 2768 875 2830 archiva
887 2787 1014 2833 mmana
1026 2782 1135 2838 contra
1145 2778 1214 2840 Gen

142 2861 213 2921 tiles
235 2862 446 2937 provocamnt.
468 2855 673 2915 Tertullianus
694 2854 734 2915 de
753 2855 995 2917 extraordinaria
1015 2861 1144 2941 eclipsi,
1157 2880 1215 2944 μ

142 2952 279 3022 tempore
292 2939 406 3002 Christi
418 2940 523 2999 mortis
536 2939 680 3017 contigit,
689 2940 833 3000 Romanis
844 2959 852 2998 :
863 2960 880 2996 ι(
890 2941 984 3013 Eum,
994 2942 1213 3023 inquinandi

142 3051 160 3087 u
172 3044 273 3092 casum
292 3026 419 3085 relatum
438 3026 469 3083 in
487 3025 618 3086 archivis
636 3025 745 3085 vestris
757 3024 905 3086 hahetis'.
920 3045 938 3082 u
953 3027 1054 3089 Juxta
1062 3032 1214 3097 Tertullia-

141 3131 213 3176 num
232 3119 264 3173 et
281 3110 446 3171 Eusebium
458 3109 603 3170 Tiberius
615 3110 762 3170 relatione
775 3110 865 3170 Pilati
878 3109 956 3171 adeo
970 3124 1142 3182 commotu
1151 3120 1211 3193 tut,

139 3208 173 3261 ut
185 3198 224 3261 ad
236 3200 380 3259 Senatum
392 3196 530 3255 retulerit
543 3195 581 3255 de
593 3194 714 3257 Christo
725 3195 851 3255 deorum
863 3196 987 3276 imperii
1000 3217 1135 3267 nornen
1144 3208 1213 3271 m·

139 3285 250 3355 rendo,
264 3282 345 3360 quod
358 3282 495 3350 Senatus,
510 3279 620 3356 sejano
633 3281 801 3359 prasertim
810 3283 990 3355 resistente,
1002 3290 1212 3371 renatam·

139 3370 214 3452 quid
241 3368 341 3430 critici
366 3366 504 3426 nonnulli
529 3366 568 3425 de
593 3365 652 3426 hoe
676 3366 755 3427 iacto
780 3366 899 3437 dicant,
924 3367 1028 3448 ipsum
1054 3376 1212 3441 mm.

138 3457 262 3522 omniuo
281 3453 414 3514 reddunt
431 3459 463 3513 et
473 3469 539 3512 mos
550 3453 710 3530 gentilium
724 3455 928 3512 Romanorum
942 3458 1066 3534 mugnis
1078 3462 1155 3525 virt,
1164 3463 1213 3525 t„-

137 3562 227 3610 nores
247 3541 366 3603 divinos
382 3538 555 3608 deferendi,
571 3547 601 3598 et
614 3539 817 3601 testimonium
836 3539 1021 3602 Tertulliani
1034 3561 1072 3607 ac
1084 3546 1211 3613 mem„

173 3628 205 3691 7·
214 3628 337 3689 Tacitus
347 3631 451 3685 auctor
462 3624 564 3685 saeculi
578 3625 684 3703 primi,
697 3625 728 3684 in
740 3627 801 3685 suis
811 3625 983 3688 Annalibus
992 3628 1106 3702 refert,
1117 3633 1212 3697 Chris·

137 3727 202 3779 um
220 3714 277 3775 sub
297 3710 404 3771 Pontio
422 3710 535 3783 Pilato,
548 3708 752 3788 gubernatore
765 3708 899 3781 iudaeae,
913 3712 1007 3774 morti
1022 3713 1120 3779 tusce
1130 3718 1212 3783 mtt-

165 3824 279 3878 tremat.
291 3825 318 3873 in
326 3824 427 3887 apolon.

167 3928 180 3950 ⁸
191 3929 251 3976 cnm
269 3923 378 3973 audisset
392 3923 529 3983 sumtus,
547 3922 633 3972 scribit
650 3922 800 3984 llaeroblur,
819 3923 885 3973 inter
901 3935 1007 3988 pueros,
1025 3942 1090 3991 quor
1108 3930 1137 3981 ir
1148 3930 1212 3993 aym

135 3997 245 4047 llerodes
254 4006 300 4042 rex
309 3993 449 4041 iudeorum
463 3993 527 4040 intra
543 3991 663 4041 bimatum
670 3990 744 4052 iussit
756 3991 875 4052 interfici,
887 3990 968 4044 illium
976 4008 1079 4061 quoque
1089 4001 1145 4062 eju
1153 3999 1212 4051 cerl-

136 4065 265 4127 summit:
282 4062 369 4110 illelius
380 4064 417 4110 est
430 4060 533 4109 tlerodis
542 4073 643 4122 porcum
653 4072 707 4108 esse
718 4061 889 4123 quamtiltu'rn.
1074 4088 1077 4093 ·
