2708 4846
472 468 658 518 ttttltoltttlt
676 468 874 520 SACRORUN.
1159 468 1205 518 26!

135 578 188 639 pro
201 559 301 620 tribus
312 564 376 620 suis
388 560 509 630 amieis,
523 560 575 637 qui
589 561 621 620 in
638 559 791 621 fornacem
803 560 959 621 ardentem
975 558 1058 620 illice
1074 559 1204 638 conjecti

134 651 266 716 tnemnt,
276 644 468 705 intercedere
478 662 539 705 non
551 644 656 705 valuit.

169 734 241 787 568·
258 729 291 789 tso
311 729 590 791 Nabuchodonosor
599 731 706 791 morbo
725 730 943 811 lycanthropiae
959 729 1156 804 laborans,se
1172 732 1205 792 in

134 816 245 877 bovem
261 821 409 875 mutatum
427 832 492 875 esse
504 815 649 885 credidit,
668 823 699 875 et
708 816 792 895 juxta
804 833 831 877 e.
842 816 861 875 i
873 824 989 894 septem
1002 816 1205 897 temporibus,

132 919 187 962 seu
200 901 305 970 annis,
321 900 449 970 imnum,
465 907 539 970 eto,
551 908 586 959 nt
598 901 654 961 bos
667 902 747 962 inter
762 901 840 962 teres
853 901 995 962 comedit.
1007 902 1123 960 venam
1135 918 1207 980 quo·

132 987 224 1047 modo
237 986 288 1046 hie
301 1002 356 1045 rex
366 985 495 1045 delicate
506 986 877 1067 enutritus,pretlosisque
888 986 966 1047 cibis
975 986 1129 1059 adsuetus,
1139 986 1208 1048 her·

132 1073 187 1135 has
205 1089 276 1133 cum
291 1071 400 1132 bestiis
417 1070 599 1132 manducare
616 1074 733 1151 potuit?
749 1072 899 1150 quomodo
910 1072 977 1132 sine
990 1073 1125 1133 vestibus
1137 1092 1207 1135 rore

133 1159 314 1238 pluviasque
323 1158 445 1233 irrigari
455 1158 550 1216 valuit
559 1166 663 1236 septen
675 1160 758 1219 caah
769 1161 842 1237 quin
852 1158 1206 1234 morereturiQuomodo

133 1251 251 1322 septem
258 1244 507 1321 annorumspatio
515 1244 560 1302 illi
568 1260 695 1322 regnum
702 1250 912 1305 conservatum
918 1244 1047 1303 initient
1058 1246 1207 1322 quomodo
1219 1270 1222 1277 ·

134 1332 393 1402 matemjinterea
400 1346 505 1409 regem
516 1338 583 1410 post
590 1332 925 1412 septemannospellere
931 1331 1026 1392 valuit
1034 1333 1107 1410 quin
1119 1333 1209 1395 resis-

133 1417 262 1477 tentiam
268 1416 540 1495 experireturtCur
551 1417 591 1478 de
600 1433 635 1478 ne
647 1424 708 1478 tam
721 1418 956 1479 extraordinarie
969 1416 1051 1478 nulla
1066 1419 1100 1478 in
1113 1418 1209 1481 bisto-

133 1504 207 1565 rleis
217 1502 352 1582 prolenis
361 1498 537 1562 tenendos
548 1504 622 1565 llaec
631 1519 693 1565 non
705 1502 766 1565 nisi
776 1504 809 1565 in
824 1502 988 1585 hypothesi
1006 1502 1135 1583 iudaicae
1146 1506 1208 1587 lig·

133 1588 249 1667 gndoth
261 1587 405 1668 explicari
419 1594 552 1666 possunt.

170 1673 233 1735 Sed
246 1689 338 1734 voees
352 1680 457 1751 wem
481 1673 681 1752 temporabis
705 1691 767 1734 non
787 1675 958 1735 necessario
978 1681 1095 1756 septem
1115 1693 1209 1739 annos

133 1756 454 1839 significent,possunt
466 1758 602 1819 indicare
613 1767 731 1840 septem
741 1777 873 1829 menses,
887 1767 947 1831 ant,
958 1777 1026 1820 csrrn
1037 1762 1209 1825 Orientales

134 1860 247 1904 annum
264 1845 298 1903 in
318 1860 372 1904 sex
390 1851 505 1923 partes,
527 1861 583 1905 seu
603 1853 749 1923 temporo,
771 1845 961 1916 dividerent,
984 1846 1210 1922 quatuordecim

134 1946 266 1990 menses.
274 1930 306 1989 si
315 1934 416 1989 eutem
428 1946 488 1988 von
498 1936 609 2008 tempas
619 1947 675 2010 pro
686 1948 761 1989 emto
771 1930 947 2007 accipienda
960 1938 1054 2001 esset,
1067 1930 1211 1993 determi-

133 2022 222 2075 natus
233 2030 377 2074 numerus
388 2021 492 2091 septen
504 2014 555 2074 bic
567 2032 622 2093 pro
638 2016 872 2076 indeterminato
885 2015 1040 2088 adhiberi,
1054 2024 1144 2093 atque
1153 2016 1211 2077 ali·

134 2116 212 2175 quos
233 2116 330 2160 annos
348 2096 519 2178 significare
530 2107 642 2180 posset,
663 2106 824 2181 prontvox
843 2108 947 2181 septem
961 2110 1119 2181 usurpatur
1130 2102 1209 2164 Gen.

132 2184 188 2253 us,
201 2186 231 2244 d.
250 2187 341 2246 Prev.
358 2185 410 2255 ffb,
426 2186 476 2255 ld,
497 2186 550 2256 26,
573 2187 620 2246 25.
637 2189 707 2247 lsai.
719 2188 753 2260 is,
775 2190 803 2248 l.
819 2190 933 2248 ierem.
948 2188 999 2258 ld,
1012 2187 1046 2258 9,
1059 2194 1133 2260 ete,
1149 2196 1209 2251 ete.

132 2271 255 2348 eribm
265 2272 298 2331 in
309 2270 529 2349 hypothesibus
545 2272 644 2333 allatae
657 2272 848 2335 difficultates
861 2274 948 2334 lacile
964 2273 1153 2352 explicantur

173 2356 325 2417 Caetenmr
336 2356 363 2417 si
381 2357 472 2416 etiam
484 2358 762 2421 Nabuchodonosor
776 2367 893 2439 septem
907 2360 992 2420 annis
1005 2359 1131 2438 integris
1143 2378 1212 2421 enm

134 2443 210 2504 ieris
226 2442 348 2513 luisset,
362 2457 400 2502 an
412 2444 506 2513 Deus,
520 2445 571 2522 qui
587 2446 751 2526 superbum
766 2447 846 2509 hune
859 2447 1043 2526 impiumque
1059 2463 1164 2526 regem
1177 2448 1210 2507 in

135 2530 309 2608 exemplum
316 2530 444 2591 aliorum
456 2530 616 2611 insigniter
624 2536 733 2613 punire
743 2534 838 2595 voluit
849 2579 856 2604 ‚
868 2536 953 2595 illum
965 2536 1099 2611 gramina
1111 2551 1212 2594 ceme-

136 2618 276 2689 dentem,
289 2634 360 2679 rere
371 2620 534 2698 pluviaque
546 2620 718 2696 irrigatum,
733 2623 838 2681 vivum
853 2637 993 2687 servare,
1010 2636 1027 2677 a
1043 2620 1114 2679 teris
1127 2621 1212 2681 ineo-

137 2703 250 2764 lrmaem
259 2709 418 2784 prestare,
427 2704 517 2782 eique
529 2720 656 2782 regnum
669 2720 848 2764 conservare
860 2702 1067 2779 nequivisseti

174 2790 307 2850 Historia
323 2789 448 2869 profana
465 2790 553 2867 hujus
571 2790 642 2849 laeti
659 2806 721 2850 non
740 2789 895 2859 meminit,
909 2788 979 2865 quia
991 2786 1072 2846 nulla
1087 2786 1213 2849 historia

137 2875 231 2951 regni
241 2874 413 2949 babylonici
425 2875 715 2936 Nabuchodonosori
727 2890 828 2934 coaeva
841 2872 879 2933 ad
891 2890 947 2933 nos
956 2872 1106 2951 pervenit.
1117 2870 1214 2933 Caete-

136 2978 207 3020 rum
217 2960 343 3040 vestigia
352 2962 434 3023 illius
443 2967 605 3021 occurrunt
614 2962 646 3020 in
656 2960 829 3020 auctoribus
837 2958 970 3039 prolenis
980 2958 1212 3035 posterioribus,

136 3054 172 3105 nt
183 3046 216 3105 in
227 3046 353 3119 Beroso,
369 3055 400 3107 et
413 3048 459 3107 ll.
472 3045 605 3124 losepbo
618 3054 699 3106 cont.
725 3045 836 3124 Apion.
855 3045 877 3103 l.
893 3046 920 3102 l.
943 3059 972 3103 c.
987 3042 1033 3102 20.
1048 3042 1214 3119 Abydenus

139 3130 221 3203 apud
228 3132 410 3194 Eusebium*
421 3151 459 3195 ex
470 3132 666 3211 Megasthene
685 3132 778 3190 relert
788 3128 1117 3190 Nabuchodonosorem
1133 3129 1215 3207 pala·

137 3218 216 3277 tlnm
226 3234 311 3278 suurn
324 3218 553 3289 conscendisse,
568 3216 612 3277 ibi
628 3215 818 3298 praedixisse,
837 3213 1022 3293 Babylonem
1037 3228 1055 3272 a
1071 3212 1170 3272 ttedis
1183 3220 1215 3272 et

138 3301 237 3363 Persis
246 3303 475 3381 expugnandam
486 3311 658 3379 essentque
668 3302 750 3362 illico
760 3296 1094 3381 disparuissessqulbus
1102 3297 1216 3357 veritas

139 3387 490 3450 deNabuebodonosoris
500 3389 538 3448 ob
550 3390 689 3449 morbmn
704 3386 934 3466 Lyeanthropiae
947 3386 1039 3446 alico
1048 3384 1214 3445 immissum

140 3474 218 3537 inter
227 3476 440 3537 ierasrecessu
451 3475 651 3549 elucetlllan.
666 3493 693 3536 c.
708 3475 743 3551 lt)
755 3478 779 3537 *.

169 3608 537 3675 tsmn.rmo.,r.o,e.ss.

165 3732 365 3797 ’bysantbropln
381 3735 534 3785 descendite
551 3735 654 3783 roribus
670 3732 838 3796 areclsloxoe,
854 3734 941 3794 tepea,
958 3726 1120 3783 statimne:
1130 3728 1216 3775 lumn-

137 3814 193 3865 ιιι,
201 3806 280 3865 auno
297 3806 337 3853 est
346 3806 459 3865 morbus,
475 3817 523 3866 quo
533 3804 606 3852 hosne
619 3804 646 3851 in
660 3803 811 3853 dementiam
822 3804 917 3865 lapsus,
928 3804 954 3848 et
964 3801 1025 3847 estu
1036 3797 1217 3858 imaginationts

136 3872 347 3933 mathemate!
358 3874 519 3935 lmaglnatur,
530 3885 557 3920 se
572 3874 598 3919 in
608 3873 707 3933 lupum,
718 3873 821 3928 bovem,
832 3882 928 3928 sanem,
939 3868 1023 3921 lolem,
1034 3866 1083 3913 etc.
1095 3867 1216 3913 mutatum

136 3950 202 4002 Μ,
212 3944 290 4003 sique
301 3941 415 4000 habitus,
423 3942 596 3990 lnolinattones
606 3943 670 4000 ete,
679 3942 767 3988 trorum
777 3939 919 3987 animalium
931 3938 1049 3985 imitatur.

153 4026 179 4055 ,ι
189 4011 362 4060 communiter
371 4010 493 4070 creditur,
506 4012 542 4058 ait
553 4012 584 4057 ol.
600 4010 707 4070 calmct3
716 4008 975 4057 nabuchodonosorem
991 4018 1036 4065 per
1047 4004 1159 4051 ellectum
1171 4014 1216 4065 po-

137 4078 246 4145 slsetla
256 4080 351 4129 disinae
361 4078 460 4129 tubum
467 4080 579 4129 morbum
590 4078 717 4130 incidisses
728 4078 891 4139 hieprlnceps
902 4077 985 4136 tuque
996 4075 1098 4123 miniter
1110 4072 1214 4125 medeas
