2708 4846
8 4332 17 4389 ,.

8 4438 21 4541 l

405 472 602 546 ,hisacium
616 473 817 528 sitholtttlt.
1119 470 1149 525 U

64 600 535 675 sxt't.-nontracults1³ontateucll,
542 608 605 665 etde
612 605 860 674 adparltlonibnsllcl
867 600 1151 673 anthropomorphitlcls.

62 724 69 801 Ι
103 738 501 821 tc.0l›j.1³entateucbus,
529 739 688 821 excipiunt
704 739 874 813 increduli,
894 738 1070 802 Graecormn
1089 740 1152 801 llo·

67 840 290 904 manornmque
299 824 498 906 ldythologiae
508 826 678 889 simillimus
691 832 751 897 eat3
765 827 800 887 in
812 824 866 887 illo
879 825 963 887 enim
973 840 1060 903 aeque
1071 841 1108 886 ac
1119 825 1152 885 in

71 912 149 983 hac,
159 912 306 975 divinitas
324 916 372 973 est
389 912 736 994 anthropomorphitica,
759 918 791 973 ει
808 912 973 991 utrobique
991 918 1153 973 occurrrmt

74 996 215 1061 mimcnla
229 997 362 1077 plurima
377 1013 413 1060 ac
429 999 583 1077 ingentia,
597 1015 720 1062 omnem
730 996 822 1060 iidem
833 998 1021 1081 superantia,
1034 1004 1067 1062 et
1080 1014 1154 1077 quo·

72 1100 139 1147 rtnn
150 1081 222 1147 finis
231 1101 295 1146 non
305 1084 511 1165 perspicitur:

277 1214 455 1283 Quodcumque
464 1216 574 1269 οειειιᾱὶε
583 1216 647 1268 mthl
656 1217 708 1281 sic,
717 1216 859 1269 {nummus
869 1216 920 1269 cdl.

58 1288 62 1303 Ι
104 1334 381 1418 Ιιεερ.ῧιιεεοι·εω
388 1337 441 1400 Dii
457 1337 567 1400 fabulis
577 1346 787 1412 accensentur,
804 1357 868 1401 non
881 1337 964 1419 quod
977 1339 1001 1401 ii
1020 1355 1053 1403 se
1061 1341 1153 1406 modo

68 1423 212 1490 sensibili
227 1440 301 1505 erga
312 1423 454 1486 homines
469 1426 598 1505 gessisse
608 1441 627 1487 a
636 1427 736 1505 poetis
750 1425 903 1499 dicuntur,
913 1424 970 1490 sed
983 1429 1065 1506 qnod
1077 1430 1155 1493 Pan-

69 1510 1155 1592 theismnssanaerationirepugnat.PortentaveronuminumGraecornm

68 1614 107 1661 ac
123 1598 333 1659 Romanorum
346 1594 499 1675 tigmentis
516 1596 768 1670 adnumerantur,
790 1596 874 1677 quod
884 1598 963 1660 nulli
981 1602 1155 1663 auctoritati
1252 1594 1261 1609 '

68 1684 192 1757 innixa,
203 1684 329 1761 inepta,
347 1683 493 1755 ridicula,
506 1682 652 1757 absurda,
672 1691 705 1746 et
719 1686 899 1766 plerumque
913 1686 1005 1749 bonis
1019 1688 1155 1751 moribus

69 1772 224 1832 conmrin
235 1777 317 1833 sunt.
330 1769 421 1832 Hand
435 1770 637 1832 inverisimile
648 1778 751 1832 autem
762 1778 823 1843 est,
837 1773 968 1851 primam
979 1772 1155 1835 Grecomm

67 1856 292 1937 hlythologiam
310 1872 351 1917 ex
364 1856 572 1918 Pentateucho
593 1858 745 1936 originem
764 1875 848 1917 suam
862 1857 987 1920 ducere.
1005 1858 1155 1938 Pleraque

69 1956 146 2003 sane
157 1942 234 2003 tuta
244 1940 448 2003 Pentateuchi
461 1941 627 2005 traditione
639 1942 716 2001 ornli
728 1942 828 2002 varias
838 1942 920 2003 inter
931 1942 1072 2005 nationes
1084 1961 1155 2005 con·

70 2035 193 2091 aemam
211 2026 348 2101 luerunt,
370 2045 440 2106 quae
459 2034 524 2088 tum
543 2026 702 2089 hominum
721 2027 894 2101 oblivione,
913 2036 978 2090 tum
997 2037 1155 2108 poetarum

70 2112 211 2188 iictionc,
233 2115 344 2177 vitiata
365 2115 498 2175 fuerunt.
521 2114 567 2173 lta
582 2112 738 2175 Diluvimn
761 2113 957 2176 Deucalionis
977 2131 1017 2175 ex
1031 2113 1154 2177 Diluvio

68 2199 257 2273 Noemitico,
273 2207 307 2262 et
325 2199 473 2277 Gigantes
493 2198 604 2260 coelum
616 2198 769 2278 congestis
781 2199 936 2260 montibus
946 2200 1154 2263 conscendere

67 2286 234 2349 molientes
252 2285 292 2347 ad
314 2292 432 2363 patrem
447 2284 590 2345 Titanum
604 2285 677 2345 Jovi
698 2284 732 2345 in
747 2284 826 2345 solio
844 2284 1104 2358 substituendum,
1116 2303 1156 2347 ex

66 2370 196 2435 historia
207 2370 445 2435 constructionis
454 2371 546 2432 turris
557 2371 707 2451 bahelicae
718 2368 907 2432 descendere
921 2372 1076 2434 videntur.

103 2458 229 2538 hloyses
236 2473 313 2520 vcro
322 2454 442 2535 quando
451 2456 550 2517 Deum
559 2455 694 2529 exhibet,
704 2455 796 2517 modo
807 2456 947 2518 sensibili
957 2474 991 2518 se
1003 2473 1076 2537 erga
1086 2473 1155 2536 pro-

67 2550 245 2626 toparentes
255 2560 293 2607 ac
304 2540 495 2607 Potriarchas
504 2550 679 2623 gerentem,
694 2558 730 2603 ae
746 2542 867 2622 wando
878 2542 1025 2605 miracula
1035 2550 1153 2616 narrat,

67 2630 222 2693 nihilnisi
240 2632 308 2692 Deo
326 2628 469 2708 dignum,
481 2629 591 2709 priscis
607 2628 670 2690 illis
684 2627 760 2690 viris
775 2627 978 2703 conveniens,
992 2645 1028 2690 ac
1043 2629 1154 2691 rationi
1277 2622 1282 2637 '

67 2718 227 2781 caniorme
237 2716 349 2788 refert,
362 2721 537 2793 unumque
550 2716 584 2775 in
599 2716 693 2777 rebus
709 2714 906 2794 dogmaticis,
921 2715 1102 2788 moralibus,
1117 2733 1156 2778 ao

66 2803 205 2884 physicis
215 2802 346 2884 passim,
364 2801 467 2879 prodit
477 2800 674 2880 sapientiam,
684 2799 833 2862 utdivina
851 2800 916 2879 ejus
933 2802 1092 2882 inspiratio
1105 2800 1155 2861 in·

68 2890 141 2953 vitis
153 2890 220 2953 lere
233 2889 454 2951 manifestetur.
473 2887 564 2948 ilatio
579 2895 682 2949 autem
696 2904 753 2949 cur
771 2889 855 2949 Deus
865 2903 900 2951 se
910 2887 1001 2949 modo
1015 2886 1154 2949 sensibili

68 2976 265 3051 exhibuerit,
277 2982 384 3054 totque
395 2974 541 3036 miracula
552 2976 719 3052 antiquitus
729 2977 871 3053 patrarit,
885 2983 932 3037 est
946 2975 1025 3036 ista:
1039 2976 1154 3054 Dogma

69 3062 161 3125 uultu
168 3062 229 3125 liei
242 3062 416 3133 existentis,
430 3076 547 3121 summe
559 3059 697 3139 providi,
717 3077 753 3120 ac
769 3060 889 3120 infinite
897 3058 971 3136 justi
980 3060 1155 3125 hominihus

72 3146 202 3226 cognitu
219 3146 356 3210 absolute
372 3146 579 3207 necessarium
591 3161 665 3206 sane
681 3145 748 3204 fuit.
766 3145 869 3204 Posito
882 3144 993 3222 igitur,
1013 3145 1111 3203 Βειιω
1121 3145 1154 3204 id

70 3229 248 3296 hominihus
257 3233 399 3296 revolare
411 3232 560 3303 voluisse,
573 3228 726 3310 quomodo
738 3230 797 3292 hoc
807 3229 915 3299 primis
927 3228 1050 3290 humani
1062 3244 1154 3307 geue·

72 3316 114 3385 ris
131 3316 327 3397 parentibus,
345 3319 430 3379 omni
447 3317 639 3397 experientia
659 3315 790 3386 orbatis,
808 3313 942 3393 solisque
955 3314 990 3375 in
1003 3313 1061 3374 hac
1073 3320 1153 3373 terra

74 3404 281 3476 temandbus,
293 3403 484 3465 infallibilius
496 3403 673 3480 luciliusquo
687 3401 880 3463 manifestare
892 3399 1003 3474 valuit,
1015 3416 1104 3478 quam
1116 3416 1154 3459 eo

72 3490 174 3562 nodo,
185 3507 247 3569 qno
257 3489 291 3550 id
299 3491 422 3568 bloyses
432 3488 599 3551 describitt
609 3488 672 3549 lllis
679 3504 791 3568 nempe
802 3487 859 3551 sub
869 3488 964 3550 forma
973 3486 1089 3550 visibili
1097 3500 1153 3563 per

71 3574 210 3653 symbola
232 3573 424 3654 adparendo,
445 3591 499 3635 cos
520 3573 726 3653 adloquendo,
749 3573 869 3652 singula
889 3575 972 3654 ipsos
996 3569 1152 3643 docendo,

71 3666 160 3723 tecte
175 3658 254 3723 lacta
266 3660 456 3723 sensibiliter
474 3659 713 3731 remunerando,
730 3677 766 3721 ac
784 3660 864 3721 male
884 3660 962 3721 torota
980 3657 1089 3718 endem
1104 3672 1153 3716 ra·
1175 3656 1180 3667 '

70 3746 159 3809 tione
169 3747 347 3827 puniendo,
365 3748 464 3809 donce
476 3746 584 3807 barum
595 3749 758 3809 veritatum
774 3755 858 3809 certa
871 3746 946 3809 lidos
957 3743 1152 3807 stabiliretur.

70 3824 150 3897 hun
160 3848 251 3895 secus
259 3832 400 3895 homines
409 3850 514 3895 omnes
527 3850 563 3894 eo
573 3835 607 3894 in
621 3839 701 3895 statu
712 3848 775 3893 non
786 3833 1037 3914 permansissent,
1048 3830 1081 3890 iu
1092 3847 1152 3909 que

58 3890 193 3983 linctum
206 3918 366 3981 Gentiles?
378 3921 472 3980 lnuuo
484 3934 524 3980 ne
533 3919 566 3979 in
576 3919 635 3980 hoc
646 3918 770 3996 quidem
780 3918 1006 3989 remansissent,
1017 3934 1085 3979 cum
1094 3915 1153 3997 ipsi
1184 3976 1186 3981 .

70 4000 213 4071 Gentiles
228 4006 467 4079 revelationem,
484 4024 500 4067 a
521 4009 586 4068 Deo
598 4007 706 4088 primis
719 4006 893 4067 hominibus
905 4004 1022 4078 datam,
1035 4004 1153 4066 hahue-

69 4088 147 4169 rlnt,
160 4091 304 4173 quamvis
315 4106 379 4153 non
395 4093 607 4172 incorruptam.
628 4092 705 4159 Canu
716 4110 789 4156 vero
804 4091 947 4153 rev-,lata
963 4091 1108 4156 vultatea
1118 4089 1153 4153 in
