2716 4838
257 469 301 515 DE
317 468 499 530 SENSIBUS,
513 470 562 519 etc.
582 469 772 519 utenounlt
790 469 985 519 SACRORUM.
1114 465 1160 515 tst
1252 474 1256 483 ’

77 557 283 636 adplicantur,
298 561 463 620 insensum
478 561 639 640 mystiemn
647 561 858 640 allegoricum,
873 561 1019 622 moralem
1029 575 1084 621 seu
1096 565 1160 619 tro-

76 642 268 720 pologicum,
280 652 312 704 et
321 647 530 724 anagogicum.

114 740 253 801 liabetur
267 760 371 803 sensus
386 745 531 821 mysticus
546 745 741 823 allegoricus,
756 744 876 822 quando
894 744 1010 822 aliquid
1028 761 1046 802 e
1059 741 1159 813 veteri

76 824 205 887 Foedere
222 829 388 907 explicatur
405 829 445 890 de
467 830 605 900 Christo,
628 830 668 890 de
692 830 829 891 Ecclesia
849 830 1016 898 militante,
1040 828 1092 888 vel
1118 825 1159 886 de

75 909 177 986 aliqua
190 913 319 972 veritate
333 915 404 974 novi
415 913 570 985 l'oederis;
584 914 669 975 adest
688 931 793 976 sensus
805 916 950 992 mysticus
965 913 1087 974 moralis
1104 927 1160 972 seu

75 997 295 1075 tropologicus,
309 1000 381 1059 dum
390 1000 504 1078 aliquid
517 1002 642 1062 eveteri
651 1002 701 1062 vel
714 1019 793 1061 novo
806 1003 1002 1062 Testamenta
1011 1000 1049 1060 ad
1058 1014 1159 1059 mores

74 1082 221 1153 refertur3
241 1092 273 1144 et
290 1087 489 1165 anagogicus,
515 1105 584 1147 cum
605 1087 679 1165 quid
700 1087 830 1147 refertur
843 1086 882 1148 ad
900 1082 994 1147 vita'm
1016 1087 1156 1146 futuram.

75 1166 235 1229 Cassianus
245 1172 375 1250 exempli
384 1174 480 1249 gratia
490 1173 577 1250 ponit
587 1173 694 1233 urbem
705 1173 885 1239 Jerusalem,
894 1188 983 1249 quam
993 1170 1159 1230 aitlittera·

73 1249 145 1311 liter
160 1253 331 1331 significare
340 1258 531 1335 metropolim
544 1257 668 1328 Judaeae,
676 1257 840 1335 allegorice
851 1256 1020 1317 Ecclesiam
1029 1251 1155 1320 Christi.

73 1339 262 1416 tropologice
276 1343 407 1401 animam
422 1343 570 1414 hominis,
589 1350 621 1404 et
638 1344 804 1424 anagogice
823 1343 979 1405 civitatem
1001 1341 1157 1403 coelestem

73 1439 127 1482 seu
139 1424 306 1485 Ecclesiam
319 1428 566 1506 triumphantem.

108 1509 262 1588 Origenes
273 1512 305 1571 in
319 1514 472 1592 Scriptura
484 1531 569 1575 saera
581 1521 643 1575 tres
652 1531 757 1576 senem
769 1514 923 1584 distinxit,
936 1527 1057 1574 sensmn
1071 1510 1157 1571 litte-

72 1595 168 1655 ralem
185 1614 314 1677 nempe,
331 1600 477 1660 moralem
495 1609 526 1661 et
542 1602 739 1681 spiritualem.
761 1601 846 1661 ldem
865 1600 979 1660 iacitmt
1002 1599 1156 1675 Hierony·

72 1698 138 1742 111111
153 1682 179 1752 ¹,
194 1683 326 1760 Cyrillus
345 1692 377 1745 et
392 1685 566 1763 Gregorius.
587 1689 621 1746 ln
639 1703 729 1747 sensu
745 1686 872 1745 litterali
884 1701 939 1745 seu
952 1684 1156 1744 historicores

73 1773 105 1824 ut
122 1768 227 1827 evenit
245 1770 429 1847 explicatur,
454 1772 486 1830 in
505 1771 612 1830 morali
637 1771 676 1830 ad
694 1787 795 1830 mores
820 1769 951 1829 retertur
969 1767 1050 1844 quod
1074 1768 1155 1829 inter

73 1853 198 1913 ludaeos
213 1853 359 1915 historice
377 1856 496 1927 evenit,
515 1857 592 1916 etin
610 1873 702 1917 sensu
719 1855 868 1935 spirituali
885 1855 1014 1914 terrenis
1038 1853 1157 1915 relictis

74 1940 173 1999 omnia
191 1940 229 2000 ad
243 1941 373 2001 futuram
391 1943 485 2003 vitam
508 1941 689 2003 referuntur.
713 1944 744 2002 S.
769 1942 955 2020 Augustinus
975 1940 1089 2020 primus
1116 1956 1155 2000 ex

73 2025 211 2087 Patribus
227 2035 355 2103 quatuor
368 2028 506 2107 praeiatos
517 2045 622 2090 sensus
642 2027 782 2089 distinxit
802 2028 830 2098 ¹,
848 2043 939 2106 quem
958 2025 1031 2087 dein
1052 2026 1156 2104 plures

73 2112 169 2171 secuti
182 2120 261 2171 sunt.

108 2198 253 2257 Solebant
268 2205 392 2260 veteres
400 2216 521 2260 sensum
535 2200 715 2270 litteralem,
731 2199 943 2280 allegorleum,
956 2199 1102 2259 moralem
1121 2204 1154 2258 et

73 2284 272 2361 anagogicum
282 2284 366 2345 hisee
378 2286 515 2347 versibus
528 2286 721 2364 exprimere:
1039 2296 1049 2327 ‘

256 2409 350 2458 littera
360 2411 429 2472 gesta
439 2410 525 2472 docet,
537 2411 600 2473 quid
608 2411 693 2462 credas
700 2411 832 2472 allegorla3

253 2482 350 2532 lloralis
366 2483 427 2546 quid
439 2496 510 2546 agas,
520 2497 569 2546 quo
582 2485 667 2533 tendas
679 2484 805 2544 anagogia.

379 2624 446 2690 8¹¹¹·
458 2650 488 2662 -
498 2628 535 2673 lle
547 2625 642 2686 dupliel
651 2634 728 2673 seusu
736 2624 848 2673 litterali.

110 2759 180 2811 618.
199 2755 394 2831 Antiquiores
416 2743 614 2832 interpretes,
632 2755 684 2830 qui
702 2754 822 2831 regulas
842 2755 1015 2832 Exegeseos
1033 2770 1070 2812 ex
1087 2755 1154 2832 ipso

71 2843 151 2918 stylo
161 2841 377 2920 Prophetarum
385 2840 781 2919 desumebant,quibusdam
791 2841 823 2901 in
835 2841 989 2902 vaticiniis
1000 2839 1155 2920 duplicem

72 2943 193 2989 sensum
209 2926 371 2988 litteralem
388 2927 582 2989 admiserunt.
601 2926 678 2989 Cum
697 2933 798 2985 autem
813 2925 947 3004 imperiti
968 2928 1153 3004 interpretes

70 3011 153 3074 hune
166 3012 456 3091 duplicemsensum
475 3012 565 3073 latius
580 3008 795 3080 extenderent,
810 3028 915 3072 sensus
931 3011 982 3072 hie
998 3018 1156 3092 suspectus

71 3096 138 3159 lieri
151 3099 244 3177 eoepit
256 3114 291 3159 ae
303 3098 374 3158 dein
389 3115 406 3158 a
418 3097 572 3158 nonnullis
584 3095 715 3173 rejectus
725 3093 791 3155 luit.

107 3183 185 3247 Cum
193 3202 282 3263 porro
294 3185 399 3246 eadem
409 3202 483 3255 vox,
492 3184 575 3244 idem
585 3184 720 3262 signum,
731 3182 790 3242 duo
802 3179 891 3241 simul
900 3180 1036 3240 indicare
1047 3185 1152 3259 possit,

71 3270 290 3333 consuetudine
302 3270 431 3331 humana
450 3270 576 3345 vocibus
590 3276 621 3329 et
637 3268 732 3347 signis
745 3266 925 3344 quandoque
942 3258 1042 3344 plures
1060 3266 1154 3345 signi-

71 3355 227 3420 ficationes
238 3358 411 3428 tribuente,
422 3358 520 3435 liquet
532 3355 677 3436 possibile
690 3371 756 3416 esse
775 3361 807 3414 ut
817 3353 925 3414 eodem
948 3353 980 3412 in
991 3353 1152 3424 vaticinio,

70 3460 127 3505 seu
141 3445 174 3504 in
194 3444 302 3505 eodem
318 3450 418 3514 textu,
438 3443 551 3523 duplex
567 3442 656 3502 detur
674 3458 795 3512 sensus,
817 3448 849 3500 et
862 3440 986 3518 quidem
1002 3438 1152 3501 litteralis.

71 3528 209 3601 Proiecto
227 3546 380 3608 campanae
397 3531 512 3591 sonitus
534 3535 566 3588 et
583 3527 716 3588 hostium
733 3528 915 3596 adveutum,
930 3532 962 3586 et
976 3523 1154 3586 incendium

70 3616 161 3677 simul
183 3613 353 3694 significare
377 3622 492 3694 potest,
514 3614 540 3675 si
558 3613 661 3674 hostes
681 3620 712 3674 et
726 3612 904 3674 incendium
916 3611 1010 3672 'simul
1029 3610 1152 3684 adsunt,

69 3700 323 3779 quemadmodum
335 3718 394 3760 vox
410 3699 553 3761 hebraica
565 3697 721 3778 neptrilim,
739 3713 806 3775 qute
819 3696 974 3776 gigantem
987 3702 1020 3755 et
1035 3694 1155 3776 deprae-

70 3787 208 3847 datorem
227 3783 394 3864 significat,
412 3786 581 3864 exprimere
601 3791 704 3863 posset
720 3790 880 3862 utrumque
903 3781 1007 3851 simul,
1023 3781 1050 3843 si
1067 3782 1155 3860 gigas

69 3872 360 3951 simuldepraedator
370 3878 460 3932 esset.

107 3959 201 4018 Porro
214 3957 367 4037 duplicem
376 3974 498 4018 sensum
506 3957 670 4020 litteralem
683 3961 861 4035 quandoque
875 3955 909 4016 in
920 3954 1075 4018 vaticiniis
1086 3968 1153 4015 esse

101 4078 113 4118 ¹
123 4082 239 4141 Hieron,
249 4081 329 4158 Epist.¹
339 4080 370 4130 ad
380 4080 519 4130 1111111111.
527 4104 557 4120 -
566 4078 689 4143 ’August
700 4083 790 4132 Genea.
802 4077 833 4130 ad
843 4080 936 4142 roten,
946 4080 965 4128 1.
977 4079 1000 4127 1.
