2708 4846
145 463 193 513 551⁸
550 463 596 511 be
615 461 819 511 abraserit

182 557 253 615 sle.
264 558 301 617 ll.
314 558 456 637 Apostoli
468 557 580 619 sinceri
589 557 727 627 luerunt,
740 573 794 617 seu
806 556 883 617 alios
895 555 1044 635 decipere
1061 556 1214 617 noluerunt

145 641 213 719 Quo
226 643 309 702 enim
318 638 378 703 fine
391 643 496 705 orbem
507 643 682 703 universum
695 642 906 723 decepissent?
919 656 958 701 an
969 658 1026 720 spe
1042 639 1215 711 divitiarum,

145 734 197 787 aut
206 729 433 791 commodorum
441 729 581 789 vitaelllt
592 735 761 809 suasponte
773 726 960 807 pauperrimi
972 725 1217 797 iuerrmt,incar·

144 828 233 873 ceres
245 813 378 885 detrusi,
398 816 501 893 flagris
518 815 652 892 excepti,
668 820 699 874 et
712 815 802 873 morti
821 813 941 882 traditi,
957 820 1051 892 prout
1063 810 1217 892 praevidere

145 894 317 969 debebant;
330 899 403 960 hinc
415 901 523 960 Pardus
535 899 704 962 Corinthiis
718 919 725 957 :
740 921 755 956 u
768 900 830 959 Nos
850 899 951 969 stulti,
970 898 1088 977 inquit,
1110 904 1218 979 propter

146 982 353 1047 terrerum..
373 987 520 1047 esurimus
536 994 567 1047 ot
583 986 716 1057 sitimus,
738 992 770 1047 et
792 986 866 1047 uudi
898 1002 1018 1055 sumus,
1044 992 1077 1045 et
1099 983 1218 1065 cobapbie

145 1085 162 1122 >r
175 1068 343 1131 caedimur..
363 1072 534 1133 laboramus
546 1078 707 1152 operantes
719 1071 860 1131 manibus
876 1070 1005 1143 nostris,
1020 1068 1220 1131 maledicimur

145 1154 1221 1239 »etbenedicimuspersecutionempatimuretsustinemus,blaspbo

145 1256 291 1305 ”mamm
302 1251 333 1304 et
347 1246 555 1312 obsecramus,
571 1250 722 1320 tamquam
734 1250 930 1322 purgamenta
943 1239 1035 1321 hujus
1047 1238 1222 1301 mundilaoti

145 1344 161 1381 u
173 1342 290 1397 sumus,
303 1330 438 1390 omnium
455 1330 656 1409 peripsema»
674 1326 717 1404 (l.
731 1330 800 1391 Cor.
816 1326 960 1404 osum).
1064 1396 1070 1405 .

181 1411 336 1473 increduli
350 1414 492 1491 equidem
503 1414 715 1495 blasphemant
729 1413 890 1493 Apostolos
904 1429 942 1472 ex
952 1410 1132 1483 sanatismo,
1143 1416 1173 1471 et
1186 1406 1221 1469 ob

143 1492 272 1575 glottam
285 1516 372 1558 novae
383 1500 517 1560 inventae
528 1501 687 1579 religionis
702 1499 777 1559 alios
790 1497 958 1581 decepisse.
970 1498 1014 1557 stt
1027 1514 1067 1557 cx
1077 1496 1221 1559 characte-

143 1580 229 1643 ribus
242 1583 417 1647 intrinsecis
435 1604 541 1647 eorum
552 1588 732 1666 scriptorum
746 1585 975 1645 evidentissime
992 1584 1117 1662 patebit
1135 1582 1221 1643 nemi·

144 1684 216 1727 nem
232 1686 374 1747 umquam
390 1689 408 1733 a
423 1673 580 1734 lauadsmo
601 1681 632 1732 ct
650 1689 728 1733 vana
744 1672 841 1751 gloria
856 1672 953 1748 magis
974 1678 1129 1730 remotum
1142 1669 1219 1729 luisse

144 1769 235 1831 quam
256 1755 336 1816 illos.
355 1758 507 1820 Caeterum
526 1776 566 1819 an
589 1758 712 1819 lunatici
738 1765 769 1817 et
789 1756 956 1826 ambitiosi,
980 1772 1058 1833 quos
1081 1750 1219 1817 inereduli

142 1853 249 1915 parum
259 1840 319 1900 sibi
335 1849 506 1903 constantes
514 1844 588 1905 alias
596 1860 696 1903 rerum
706 1842 839 1903 omnium
849 1841 970 1919 ignaros
980 1840 1106 1910 dieunt,
1116 1836 1220 1901 Docui-

143 1940 213 1985 nam
227 1926 291 2004 legi
308 1928 439 1987 naturali
452 1935 513 1988 tam
527 1929 727 1997 conformem,
744 1933 805 1986 tam
817 1926 1006 2003 simplicem,
1025 1933 1059 1985 ct
1071 1924 1158 1985 simul
1167 1930 1220 1983 tam

142 2008 320 2082 sublimem,
337 2014 586 2091 passionibusque
600 2012 772 2081 hominum,
785 2028 860 2089 quos
872 2011 1019 2091 decipere
1037 2011 1219 2078 statuissent,

143 2101 205 2153 tam
218 2098 413 2167 eontrarium,
432 2100 604 2177 excogitare
616 2100 799 2178 potuissent,
814 2106 864 2157 aut
879 2098 1105 2159 coniecissentl
1116 2096 1219 2159 siccine

143 2181 289 2260 impostor
302 2185 364 2261 agit
376 2203 444 2244 cum
457 2186 510 2255 iis,
521 2203 595 2263 quos
610 2186 753 2264 decipere
770 2184 890 2261 sibique
903 2183 1068 2245 devincire
1089 2182 1218 2246 comtmt

143 2269 282 2343 Apostoli
299 2271 392 2347 igitur
406 2270 609 2349 praedicarunt
627 2272 743 2335 Christi
760 2271 956 2349 religionem,
971 2269 1097 2349 eoquod
1109 2270 1146 2331 de
1160 2266 1218 2347 ejus

142 2353 272 2413 veritate
281 2356 415 2433 persuasi
428 2357 550 2417 omnino
564 2365 660 2418 crant.
674 2360 762 2429 Esto,
776 2366 808 2418 ut
821 2356 972 2419 increduli
986 2358 1157 2427 insaniunt,
1171 2372 1218 2415 eos

143 2437 264 2501 Christo
277 2449 427 2502 extremas
439 2443 520 2503 inter
532 2444 668 2505 miserias
681 2445 843 2506 adhaesisse
857 2444 896 2503 ob
908 2462 994 2523 spem
1007 2445 1124 2507 terreni
1139 2442 1217 2523 regui

143 2524 182 2583 ab
204 2525 257 2585 illo
281 2528 448 2598 excitandi3
467 2528 522 2590 sed
538 2547 606 2589 cum
627 2529 708 2590 haud
729 2530 806 2591 odeo
823 2528 940 2591 creduli
957 2537 1065 2591 essent
1080 2540 1115 2591 ut
1129 2530 1217 2592 moe

142 2610 263 2689 Pagina
278 2620 438 2685 testantur,
448 2614 598 2692 quomodo
609 2614 687 2676 bano
700 2633 785 2693 spem
798 2622 1006 2693 conceperunt
1015 2616 1079 2678 uisi
1090 2632 1147 2699 per
1154 2628 1216 2677 vera

142 2774 156 2798 υ
165 2759 238 2804 tanee
246 2756 277 2804 dc
285 2757 336 2806 l’un
344 2752 358 2805 i
366 2758 466 2807 l’outrei
477 2760 576 2807 Socrate
587 2771 701 2808 mourant
711 2772 766 2808 sans
775 2759 893 2817 douleur,
901 2770 959 2806 sans
967 2758 1122 2820 ignominie,
1132 2757 1216 2808 condat

142 2844 156 2867 υ
167 2823 410 2887 aisdrnentjusqn'an
425 2830 484 2877 boul
499 2842 542 2876 son
556 2842 722 2890 personnage3
735 2829 791 2877 etsi
802 2830 868 2876 cetto
883 2827 958 2876 laelle
974 2832 1044 2879 niort
1053 2827 1124 2879 n'erlt
1133 2823 1215 2877 burt

141 2911 155 2935 ι
166 2908 193 2942 sa
204 2896 259 2956 rie,
271 2910 302 2943 on
314 2897 435 2946 donteroil
446 2899 467 2945 si
478 2898 590 2957 Socrate,
606 2911 666 2945 aveo
682 2899 736 2945 tout
750 2911 794 2945 son
809 2897 901 2957 esprit,
919 2898 958 2946 lut
974 2900 1050 2946 autre
1062 2900 1136 2947 chose
1147 2896 1215 2959 qu'm

141 2979 155 3003 a·
165 2964 282 3022 sophisie.
295 2967 314 3012 ll
324 2968 441 3026 inventa,
457 2968 554 3025 dit-on,
570 2968 594 3014 la
608 2968 710 3014 urorale.
726 2965 838 3014 ll'aulrcs
853 2970 929 3014 arunt
940 2967 975 3014 lui
988 2967 1111 3017 l’avoieml
1118 2968 1213 3017 nissen

141 3048 156 3073 ι·
166 3033 293 3094 pratique3
305 3036 323 3083 il
334 3049 365 3085 ne
377 3038 403 3084 lit
414 3050 461 3097 que
471 3036 523 3084 dire
532 3049 560 3084 ee
568 3037 641 3096 qu'ils
650 3037 750 3083 uroient
761 3036 820 3097 luit,
829 3036 847 3083 il
856 3047 888 3083 nc
899 3036 926 3084 ut
936 3049 987 3097 que
999 3036 1214 3097 mettraenlceom

140 3117 155 3145 ι
166 3100 233 3153 leurs
241 3106 377 3167 exemplos.
386 3106 492 3153 Aristide
501 3106 568 3153 aroit
577 3103 616 3153 ote
625 3107 689 3164 juste
698 3108 773 3154 orout
781 3118 829 3166 que
838 3104 937 3153 Socrate
947 3104 993 3153 erit
1000 3106 1078 3155 ditce
1086 3118 1134 3171 que
1141 3102 1214 3154 e'o'eloit

140 3192 155 3217 ι·
164 3188 213 3236 que
223 3178 246 3226 la
252 3179 359 3238 iustice;
369 3176 489 3227 leonidas
500 3176 561 3227 ttoit
571 3180 635 3227 mort
643 3192 705 3240 pour
714 3192 757 3227 son
766 3192 824 3239 pays
833 3180 908 3227 arant
915 3191 965 3240 quc
973 3179 1078 3229 Socrate
1086 3178 1212 3229 edliallm

140 3261 154 3284 υ
165 3245 251 3296 devoir
261 3248 365 3297 d‘aimer
378 3250 402 3297 la
412 3249 506 3309 patrie;
519 3248 605 3309 Sparte
616 3246 678 3297 e'toit
687 3248 759 3297 sobre
770 3248 845 3297 avaut
854 3261 903 3309 que
914 3249 1015 3296 &crate
1028 3248 1075 3298 elli
1084 3246 1142 3299 loud
1151 3248 1173 3297 la
1181 3258 1212 3295 a·

139 3313 261 3365 »brieter
273 3320 346 3366 avant
355 3318 414 3378 qu’it
422 3317 465 3365 ebt
473 3315 548 3365 dilui
559 3320 582 3367 la
590 3319 677 3377 verto,
686 3318 709 3367 la
717 3313 794 3367 Grico
802 3317 919 3365 abondoit
926 3331 959 3366 en
967 3317 1211 3369 uommesvertm

139 3400 153 3424 a
163 3385 223 3433 blais
233 3381 266 3435 od
275 3384 346 3435 lesus
356 3388 454 3437 aroibil
463 3389 514 3449 pris
523 3388 582 3435 eber
591 3388 628 3435 les
636 3388 702 3435 sicus
712 3389 776 3437 cette
788 3386 880 3435 morale
892 3383 981 3435 ilerde
990 3389 1017 3435 et
1026 3400 1108 3451 pure,
1119 3388 1176 3437 detti
1183 3383 1211 3435 ld

138 3468 152 3495 υ
162 3456 216 3503 seul
224 3468 239 3503 a
247 3454 327 3505 donni
335 3458 371 3505 les
380 3458 461 3520 leporis
470 3459 496 3504 et
503 3456 651 3518 l'oxemplel
659 3459 698 3505 bu
706 3457 759 3505 selu
767 3457 800 3505 du
809 3457 864 3517 plus
872 3454 975 3503 lurieux
984 3456 1131 3517 lanatisme,
1138 3454 1212 3519 lapi!

138 3537 153 3565 ν
163 3522 239 3573 baute
249 3538 344 3585 sogessc
356 3539 382 3573 se
394 3527 421 3575 lit
432 3526 565 3585 eulandre,
581 3528 608 3574 et
621 3527 645 3574 la
659 3523 792 3586 simplicite
804 3524 848 3573 des
858 3525 913 3585 plus
929 3522 1069 3585 herotques
1082 3528 1169 3575 verim
1177 3524 1212 3573 lt·

138 3608 153 3634 ν
163 3604 223 3641 nora
233 3595 256 3642 le
268 3596 323 3654 plus
331 3595 366 3642 ril
378 3595 409 3643 de
421 3598 475 3643 tous
486 3596 522 3643 les
532 3595 644 3655 peuples.
656 3596 688 3642 ba
700 3593 801 3645 mortdc
811 3592 908 3642 Socmle
917 3588 1213 3657 philosophante-mqui-

138 3678 152 3703 ι·
162 3662 255 3713 lanient
264 3678 324 3713 avec
334 3665 446 3713 sesamis
456 3665 494 3713 est
504 3665 527 3713 lo
537 3665 594 3725 plus
604 3664 681 3712 doueo
689 3663 762 3724 qu’ou
770 3663 853 3724 puisse
864 3660 973 3723 desirer3
985 3664 1052 3713 celle
1059 3664 1093 3713 de
1102 3662 1212 3713 lesnes·-

138 3746 152 3773 ι
162 3733 244 3791 pirent
254 3734 313 3781 dans
324 3736 359 3783 lea
369 3736 510 3794 tourmens,
526 3730 632 3793 injurie,
648 3731 735 3793 raillb,
751 3732 846 3785 inaudit
860 3731 891 3779 de
906 3732 963 3779 tout
977 3744 1014 3779 nn
1030 3732 1141 3795 peuplo,
1150 3728 1211 3781 calla

137 3815 152 3841 a·
162 3803 218 3860 plus
230 3804 338 3851 lrorriblc
351 3803 424 3864 qu’on
436 3802 519 3862 puisse
533 3801 656 3855 croindro.
667 3800 766 3849 Socrate
779 3800 884 3861 preerant
897 3801 922 3848 la
936 3814 1019 3864 coupe
1032 3796 1212 3865 emporeouoh,

137 3888 151 3916 a
162 3869 232 3921 benit
240 3873 305 3921 celui
316 3874 359 3933 qui
371 3873 393 3920 la
405 3872 440 3921 lui
451 3869 565 3932 presente
575 3872 601 3920 et
608 3868 651 3931 qui
660 3870 762 3931 pleure3
771 3867 842 3921 lesus
852 3881 884 3917 au
894 3869 985 3919 miiieu
993 3870 1056 3919 d’un
1067 3864 1213 3935 supplicent·

136 3959 152 3985 n
161 3941 235 3989 lreux
247 3943 301 4002 prie
314 3955 376 4003 pour
387 3955 426 3990 ses
438 3942 579 3989 beurreaux
591 3937 719 3989 oelrarnis.
730 3940 792 3999 Oui,
805 3940 825 3987 si
838 3939 862 3986 lo
875 3939 916 3989 rie
929 3940 956 3989 et
967 3940 991 3988 lo
1002 3945 1070 3991 mort
1080 3942 1113 3990 de
1125 3936 1213 3989 Somte

137 4026 152 4053 υ
162 4009 282 4059 aontd'un
290 4025 346 4071 sago
354 4044 362 4069 ,
371 4012 394 4059 la
403 4011 444 4059 vic
455 4012 479 4059 ot
488 4012 511 4059 la
520 4010 620 4063 stronde
632 4007 913 4061 ie'sussoutd'unbieu.
923 4026 938 4051 ι
948 4004 1213 4061 intremuisse

136 4095 162 4140 p.
175 4078 285 4127 ill-llil.
298 4080 373 4128 tunsi.
386 4079 455 4128 1768.
