2708 4846
140 473 171 524 ut
273 468 281 485 ‘
539 466 585 514 tte
599 461 808 513 ntvlulrtrs

176 562 214 621 Ι).
231 555 391 621 Balridtius
404 557 453 638 (in
463 556 522 637 Op.
536 555 731 635 Ausfiihrung
742 552 796 615 des
807 551 896 612 Pleas
907 547 969 609 und
981 548 1109 612 zwecks
1119 540 1212 618 Je'sns

141 648 180 707 ll.
192 644 306 724 Bandg.
320 645 424 704 Berlin
436 643 525 723 tlst)
544 641 656 712 effutit,
669 644 861 721 peccatorem
875 634 1129 698 reconciliatione
1141 655 1213 703 cum

140 733 205 794 Deo
216 747 278 791 non
290 729 445 809 indiger03
459 745 497 790 eo
508 728 603 806 quod,
614 726 700 805 Juxta
711 725 820 806 ipsum,
833 724 916 784 Deus
927 717 1046 781 infinite
1058 720 1158 787 bonus
1168 728 1212 789 oi-

140 809 1213 896 fendietirascinonpotest,ethominemaseconditumnonamarcmn

141 905 230 967 valet.
243 906 346 965 Poenas
354 904 506 983 positivus,
522 903 579 971 ait,
593 918 653 962 non
668 900 794 978 infligit,
805 914 906 979 poenas
919 905 1020 958 autem
1031 904 1213 966 amessias

136 991 273 1136 peccati,
286 1007 340 1052 seu
352 991 451 1072 potius
464 988 528 1068 ejus
540 985 664 1050 effeetus
675 986 825 1048 naturales
837 984 913 1046 dicit
925 983 1080 1058 desinere,
1089 988 1213 1067 quando

162 1094 230 1139 omo
241 1076 500 1159 peccaredesinit.

176 1165 316 1226 Fatemur
336 1173 368 1225 et
383 1181 438 1226 nos
454 1165 521 1226 Deo
540 1179 597 1245 per
613 1167 771 1245 peccatum
781 1175 843 1220 non
855 1157 961 1219 inferri
971 1158 1130 1238 injmiam,
1143 1182 1214 1244 quae

139 1251 252 1331 ipsum,
272 1258 377 1330 utpote
397 1250 617 1320 beatissimum,
636 1248 763 1328 adligat,
782 1253 874 1323 atque
892 1245 1002 1307 mentis
1019 1246 1083 1325 ejus
1098 1251 1215 1316 felicis·

139 1339 223 1401 simae
244 1340 491 1418 tranquillitatem
508 1340 621 1400 turbet.
643 1337 704 1398 Sed
715 1341 889 1416 peccatum,
909 1349 964 1394 seu
983 1334 1107 1398 violatio
1119 1339 1213 1422 legis,

140 1425 313 1486 adversatur
331 1424 449 1484 directe
468 1422 581 1484 divinae
600 1421 665 1501 ejus
676 1418 839 1489 voluntati,
854 1420 945 1496 eique
962 1421 1213 1504 non‘acceptum,

139 1527 198 1572 nec
217 1509 412 1579 indifferens,
425 1509 481 1570 sed
499 1526 615 1571 summe
633 1509 771 1570 odiosum
788 1523 853 1567 esse
867 1506 975 1574 dehet,
989 1504 1108 1586 hocque
1121 1530 1215 1578 sensu

140 1597 221 1658 Deus
238 1595 410 1656 offenditur.
430 1596 512 1655 Deus
532 1601 637 1673 utpote
657 1593 847 1653 beatissimus
860 1607 896 1652 ac
911 1591 1108 1657 immutabilis
1120 1598 1214 1664 irasci

139 1683 261 1763 proprie
283 1679 423 1759 equidem
441 1698 503 1741 non
522 1686 640 1760 potest,
655 1679 710 1739 sed
728 1678 817 1738 irasci
840 1676 951 1738 dicitur
970 1695 1038 1739 cum
1049 1681 1169 1762 aliquid
1179 1686 1215 1752 tit

140 1775 244 1830 aontm
256 1767 390 1829 divinam
398 1783 481 1827 suam
488 1766 731 1834 voluntatem,ac
740 1780 808 1824 cum
815 1779 920 1843 poenas
928 1763 1054 1843 infligit,
1065 1773 1216 1852 awtaplw.

139 1854 198 1916 ra’oe
209 1870 334 1933 nempe,
346 1869 386 1914 ⁴eo
400 1851 480 1930 quod
492 1850 631 1912 homines
643 1867 712 1911 cum
721 1847 808 1926 justa
822 1865 926 1908 eorum
938 1850 1085 1912 voluntati
1098 1859 1214 1922 resisti.

138 1949 202 2012 tur,
223 1957 351 2019 cumque
374 1955 478 2020 poenas
497 1939 656 2019 infligunt,
676 1937 768 1998 irasci
788 1937 897 1997 solent.
919 1936 994 2013 Quis
1006 1947 1108 2002 antem
1120 1956 1216 2028 neget

139 2028 236 2087 Deum
249 2041 352 2104 poenas
372 2025 512 2103 infligere
534 2041 639 2103 posse,
654 2040 723 2084 oum
738 2021 829 2081 homo
841 2021 874 2081 id
885 2023 1000 2100 possit?
1012 2025 1100 2088 lllum
1111 2040 1216 2097 autem

140 2128 244 2193 poeuas
265 2109 436 2188 hujusmodi
459 2109 582 2169 realiter
601 2108 741 2186 infligere
763 2114 846 2186 patet
858 2103 921 2167 tum
939 2126 977 2168 ex
993 2110 1094 2176 Libris
1105 2122 1213 2198 sacris,

139 2203 204 2257 tum
223 2195 304 2273 quod
325 2195 358 2255 id
370 2193 498 2264 debeat,
513 2211 549 2254 eo
564 2192 646 2271 quod
658 2194 879 2253 observantiam
892 2211 953 2254 suae
964 2196 1052 2277 legis,
1066 2219 1136 2279 quae
1147 2208 1214 2271 sing

140 2283 238 2365 poenis
258 2280 396 2361 positivis
417 2280 518 2340 locum
539 2279 620 2342 haud
635 2279 765 2342 haberet
775 2287 890 2344 attenta
901 2284 1101 2352 inclinatione
1113 2292 1214 2357 homi-

140 2365 611 2435 numadmalum‚velledebet.
1133 2429 1136 2435 ,

184 2455 291 2516 Poenas
317 2451 470 2512 naturales
490 2468 546 2513 seu
568 2452 692 2516 effectus
716 2455 855 2533 peccati,
878 2455 1063 2521 sufficientes
1086 2479 1155 2528 esse
1174 2469 1213 2531 ad

139 2538 474 2602 hominesaviolatione
481 2538 560 2619 legis
568 2540 1214 2625 absterrendos,nunquamprobabitssahrd-

140 2629 209 2690 tius.
220 2625 309 2687 Multi
321 2624 493 2702 hujusmodi
506 2626 630 2689 effectus
641 2634 674 2688 ut
686 2644 783 2709 poenae
795 2646 813 2689 a
824 2628 961 2708 plurimis
972 2650 1033 2693 non
1043 2651 1213 2714 agnoscun.

139 2722 199 2786 tur,
208 2721 239 2775 et
251 2713 290 2774 ab
304 2711 599 2792 obduratisprotecto
609 2716 858 2776 nonsentiuntur.
868 2719 903 2777 ln
912 2718 1040 2780 absurda
1049 2720 1107 2786 hac
1118 2725 1213 2809 hypo-

138 2797 220 2860 thesi
230 2795 340 2875 impius
352 2801 418 2873 post
430 2793 509 2855 hanc
518 2796 611 2856 vitam
622 2797 758 2858 eamdem
767 2806 878 2859 sortem
888 2818 956 2859 arun
965 2799 1044 2877 justo
1054 2802 1212 2874 habituum

140 2889 297 2953 essct‚etc.
304 2883 402 2942 Deum
413 2880 567 2943 hominem
580 2883 842 2962 flagitiosissimum
853 2929 861 2956 ,
871 2886 984 2947 divinae
992 2907 1054 2950 sure
1064 2894 1212 2961 volantati

138 2969 288 3117 adpellem
303 2983 422 3039 amare,
441 2984 499 3030 nee
509 2969 574 3049 ipse
595 2967 768 3041 Bahrdtius‚
789 2971 850 3033 nisi
867 2970 996 3047 insanit,
1012 2977 1074 3038 sibi
1091 2999 1212 3062 persua.

162 3072 179 3116 e
203 3055 237 3114 it.

175 3140 222 3199 lt.
238 3139 289 3199 lll.
305 3136 479 3202 Communis
490 3139 631 3218 equidem
643 3141 818 3222 populorum
828 3143 961 3205 omniurn
972 3152 1128 3226 persuasio
1140 3153 1210 3229 init,

138 3225 269 3286 animam
281 3225 401 3304 corpori
411 3241 476 3286 esse
493 3227 699 3305 superstitem,
714 3243 840 3306 eamque
857 3231 980 3308 praemia
996 3233 1047 3293 vel
1064 3240 1212 3319 supplicia

137 3318 206 3390 post
216 3310 294 3370 hanc
304 3310 397 3370 vitam
405 3313 604 3371 manere.Ast
612 3313 678 3373 haec
686 3314 840 3389 persuasio
851 3322 970 3377 tot-erat
979 3319 1120 3384 comitata
1128 3324 1212 3386 fabu-

139 3396 190 3468 lis,
202 3402 234 3455 ut
246 3392 345 3471 aptior
357 3401 437 3455 esset
453 3395 492 3454 ad
503 3394 641 3456 homines
653 3396 840 3460 inducendos
853 3401 891 3461 ad
909 3402 1016 3462 animae
1031 3405 1211 3471 immortali.

138 3489 232 3543 tatem
240 3481 272 3539 in
282 3478 408 3539 dubium
416 3481 672 3543 revocandamvel
682 3484 860 3564 negandam,
871 3505 960 3564 quam
969 3489 1007 3551 ad
1018 3491 1088 3555 illos
1097 3495 1138 3557 de
1146 3498 1210 3579 ipsa

138 3569 260 3629 omnino
273 3571 372 3626 certos
383 3565 563 3627 reddendos,

101 3696 104 3700 -
174 3653 261 3713 Licet
270 3649 443 3731 philosophi
453 3650 543 3713 hasce
552 3651 666 3716 tabulas
675 3662 918 3733 contemnerent,
941 3664 1210 3750 perspicerentque

139 3742 246 3802 animae
257 3739 510 3807 immortalitatem
524 3760 589 3805 esse
600 3746 711 3807 rationi
721 3749 920 3823 conformem,
931 3753 1012 3830 quod
1026 3762 1057 3815 et
1067 3756 1210 3838 trequen-

137 3831 193 3924 ῖθῑ,
208 3825 414 3897 adfirmamus,
436 3842 498 3886 non
521 3836 621 3890 tamen
644 3830 682 3891 ad
705 3828 819 3896 firmam
839 3835 902 3912 ejus
919 3839 1136 3903 certitudinem
1153 3860 1210 3925 per

137 3915 286 3971 rationem
299 3911 497 3974 devenertmt.
514 3913 689 3996 Philosophi
705 3921 797 3996 graem
814 3937 868 4000 pro
883 3921 986 3984 indole
998 3933 1106 4000 sectae,
1119 3944 1209 4008 qnam

137 3994 354 4070 sequebantur,
365 3996 497 4076 praemiis
510 4004 541 4058 et
553 4002 709 4084 suppliciis
719 4013 787 4093 post
796 4005 874 4073 hanc
886 4008 979 4073 vitam
990 4011 1041 4071 vel
1054 4012 1210 4079 adsentie-

136 4076 226 4150 baut,
239 4079 290 4146 vel
306 4083 560 4155 contradicebant.
