2708 4846
409 491 454 538 DE
473 492 695 543 sncutrtcns
715 495 953 563 utendorum.
1177 496 1222 548 lbl

504 620 521 689 ς
535 626 645 675 xxxix.
657 651 688 663 -
697 629 853 677 lioloeauala.

177 729 252 782 tua.
263 729 380 790 Nomen
391 742 538 803 om,
551 734 769 807 Holocoaetum,
781 736 956 814 provenite
974 734 1101 797 vocibus
1110 737 1223 817 graecis

136 825 199 885 tto„
212 823 304 886 totas,
318 825 350 878 et
362 847 427 887 aare,
442 821 576 881 accendo.
591 823 636 880 lta
651 829 832 902 nuncupatae
847 821 969 884 luerunt
984 824 1133 895 victimae,
1154 842 1223 903 quar

139 903 269 981 integrae
298 904 577 966 concremabantur.
604 907 728 967 liebraei
755 907 962 968 holocaustum
981 915 1091 968 vocant
1122 909 1222 981 Helo,

139 1005 208 1066 quae
220 1006 279 1048 vox
294 989 442 1050 adscendit
454 991 620 1072 significat,
638 1008 674 1052 eo
686 992 767 1070 quod
777 1000 845 1053 tote
854 994 979 1053 victime
990 1009 1045 1072 per
1061 993 1174 1055 firmum
1189 997 1223 1057 in

135 1075 251 1135 coelum
266 1076 483 1138 adaceadeboat.
505 1081 579 1139 llaec
589 1079 737 1141 sacrificia
752 1081 887 1140 omnium
907 1080 1115 1159 antiquissima
1135 1089 1221 1153 emt,

135 1165 170 1217 et
182 1159 346 1237 piacularia
359 1169 455 1221 erant.

176 1245 247 1306 Alia
260 1246 434 1308 holocausta
451 1249 604 1309 ollerenda
619 1255 706 1308 erant
720 1248 830 1310 diebrus
843 1248 944 1321 lestis,
967 1256 999 1310 et
1017 1250 1077 1311 alia
1096 1251 1223 1330 singulis

135 1328 259 1392 diebus.
271 1333 345 1393 llaec
356 1341 442 1393 erant
454 1334 514 1394 duo
532 1336 619 1414 agni,
633 1352 761 1413 quorrmr
777 1352 854 1395 unas
866 1352 957 1395 mane
969 1341 1040 1396 ante
1053 1336 1111 1399 alia
1129 1336 1223 1397 saeri-

136 1415 223 1488 licia,
237 1426 269 1478 et
287 1421 365 1479 alter
376 1437 505 1500 vespere
518 1430 585 1500 post
600 1422 660 1481 alia
677 1420 825 1482 sacrificia
837 1437 893 1501 pro
905 1429 969 1481 toto
981 1421 1094 1502 populo
1106 1419 1222 1482 saerili-

135 1502 294 1564 cabantur.
313 1507 379 1567 lloc
393 1506 601 1585 quotidianum
613 1508 820 1569 holocaustum
832 1507 998 1569 vocabatur
1007 1508 1080 1584 laps
1098 1504 1222 1585 Sacrifi-

136 1589 231 1658 cium,
245 1590 296 1650 vel
307 1591 516 1652 Holocaustum
529 1594 745 1671 Serapitemum.

175 1676 246 1735 Alia
257 1675 431 1738 holocausta
441 1677 823 1757 oderebanturapersonis
833 1678 961 1756 privatis
973 1677 1024 1738 ael
1036 1694 1089 1739 sua
1100 1685 1218 1758 sponte,
1329 1718 1331 1723 ,

86 1760 190 1837 „uel
210 1777 248 1821 ex
267 1769 352 1833 voto,
371 1763 421 1823 vel
444 1780 482 1823 ex
501 1763 680 1842 praescripto
702 1762 795 1841 legis,
812 1768 878 1821 uta
893 1762 1042 1822 Nazaraeis
1063 1763 1220 1842 inopinate

135 1845 319 1920 immundis,
337 1849 388 1908 vel
405 1847 490 1909 linito
512 1865 617 1909 eorum
639 1855 722 1909 voto.
740 1846 878 1907 Tandem
902 1847 960 1907 alia
978 1847 1183 1907 ollerebantur
1200 1864 1221 1908 a

136 1933 249 1993 sanatis
258 1951 275 1993 a
283 1934 383 2013 lepra,
397 1950 414 1994 a
427 1935 599 2014 puerperis,
612 1949 754 1995 asrunruo
766 1931 924 1992 sacerdote
937 1932 1013 1994 testo
1027 1931 1219 2011 expiationis,

138 2023 170 2077 et
182 2020 241 2079 alia
252 2037 308 2098 pro
321 2028 383 2081 toto
395 2021 519 2100 populo.

175 2104 356 2167 Holocausta
371 2105 485 2166 fiebant
502 2123 540 2166 ex
551 2103 691 2184 juvencis
706 2101 894 2172 triennibus,
909 2101 1004 2165 hircis
1022 2111 1053 2166 et
1071 2103 1220 2166 arietibus

135 2191 302 2263 anniculis,
318 2200 408 2270 atque
422 2209 459 2252 cx
470 2191 635 2252 turturibus
644 2197 675 2250 et
686 2189 778 2270 pullis
787 2188 1003 2251 columbanum.
1017 2191 1220 2270 Sanguisvic-

135 2277 233 2350 timae,
246 2279 283 2339 ad
293 2280 532 2357 septentrionem
545 2278 647 2339 altaris
659 2283 812 2348 mactatae,
824 2293 842 2336 a
854 2278 1011 2338 sacerdote
1021 2277 1220 2358 spargebatur

134 2382 194 2444 per
204 2381 309 2444 gyrum
318 2366 355 2426 ad
365 2366 461 2427 basim
471 2366 583 2427 altaris.
592 2363 744 2426 Animalia
753 2363 1009 2425 comburebantur
1017 2364 1136 2444 integra
1149 2381 1219 2425 cum

135 2451 288 2511 intestinis
298 2468 333 2512 ac
350 2452 556 2531 pedibus,qui
566 2458 655 2513 antea
666 2449 723 2509 loti
735 2449 946 2520 fuerant,cum
958 2449 1070 2510 additis
1078 2449 1174 2510 lerina
1186 2457 1219 2511 et

135 2536 205 2597 oleo
218 2555 309 2616 super
320 2539 414 2598 altare
423 2539 678 2598 holocaustorum.
692 2536 875 2595 Holocausta
887 2536 1103 2595 autemsummi
1117 2552 1218 2597 sacer-

136 2619 216 2683 dotis
228 2631 259 2683 et
279 2625 383 2703 populi
396 2623 668 2683 concremabantur
684 2627 769 2679 extra
787 2627 883 2678 castra
895 2619 946 2680 vel
961 2619 1069 2679 urbem
1082 2621 1115 2681 in
1132 2621 1216 2694 loco,

136 2707 168 2766 lu
181 2727 271 2788 quem
281 2707 522 2784 conjiciebantur
533 2707 653 2765 cinerea
664 2704 776 2763 altaris.
786 2703 875 2780 Apud
888 2704 1025 2764 Gentiles
1037 2706 1142 2764 viuum
1149 2704 1218 2766 farn·

135 2790 264 2853 debatur
276 2793 358 2852 inter
371 2807 485 2852 cornua
497 2789 645 2859 victimae;
661 2786 740 2866 apud
760 2787 906 2847 Hebraeos
919 2803 991 2847 vero
1001 2787 1137 2848 libamen
1152 2790 1217 2849 vini

135 2877 512 2939 elirmdebaturadaltare.

173 2965 353 3024 liolooausta
379 2971 527 3022 turturum
553 2978 588 3021 ac
612 2959 762 3039 pullorum
788 2956 994 3019 columbarum
1016 2959 1060 3021 ita
1089 2957 1214 3024 liebant.

132 3048 282 3109 Sacerdos
296 3049 356 3106 illis
365 3054 455 3125 caput
463 3046 677 3124 abrumpebat,
687 3044 865 3123 sanguinem
876 3045 914 3105 ad
927 3044 1004 3106 latus
1016 3046 1118 3107 altaris
1131 3064 1216 3128 spar-

133 3133 244 3211 gebat,
263 3132 399 3208 ingluvie
417 3139 448 3191 et
469 3131 580 3210 plumis
601 3131 634 3189 in
658 3128 841 3189 cinerarium
864 3128 1025 3207 projectis,
1050 3136 1140 3208 atque
1159 3132 1215 3192 alis

133 3217 248 3296 ruptis,
262 3213 316 3275 has
330 3215 468 3277 volucres
480 3231 572 3294 super
582 3214 677 3275 altare
690 3213 904 3273 concremabat
917 3213 1005 3289 (lev.
1020 3209 1066 3291 l).

171 3303 310 3363 Gentiles
335 3319 391 3382 per
417 3303 616 3362 Hebraeorum
638 3298 812 3362 sacerdotes
841 3298 1015 3360 holocausta
1042 3297 1214 3378 intemplo

134 3390 244 3451 otlcrre
261 3396 417 3468 poterant,
436 3395 469 3449 et
484 3389 529 3448 Fl.
544 3385 695 3467 Josephus
718 3386 826 3447 scribit
850 3385 1057 3447 Alexandrum
1071 3396 1215 3462 magnum

134 3477 178 3538 ita
191 3476 409 3553 Hierosolymis
419 3493 492 3538 vero
504 3477 568 3536 Deo
584 3472 766 3536 sacrificasse
779 3473 800 3533 ¹.

363 3608 381 3676 3
395 3612 443 3659 xt.
455 3635 485 3647 ·-
495 3611 618 3660 Sacrificio
627 3622 672 3673 pro
683 3610 784 3671 peceato
796 3608 822 3658 et
831 3608 984 3670 prodellcto.

172 3732 243 3789 883.
255 3730 430 3791 Deliberata
447 3730 572 3791 violatio
589 3734 837 3791 caeremoniarum
856 3730 1055 3789 mosaicarum
1069 3727 1213 3787 extermi-

133 3819 257 3880 natione
268 3835 285 3877 e
296 3818 407 3897 populo
421 3815 575 3895 punienda
586 3825 661 3877 erat.
675 3816 888 3894 Transgressio
902 3821 1003 3876 autem
1016 3814 1213 3875 caeremonia·

132 3922 216 3974 rum,
227 3904 278 3964 vel
290 3904 455 3982 aliquarum
465 3903 568 3979 legum
579 3903 762 3964 naturalium
771 3904 899 3981 altloyse
914 3917 1003 3982 prena
1017 3901 1210 3970 aeneidarum,

133 4007 190 4071 per
209 4006 342 4051 errorem
360 3988 411 4049 vel
430 3988 685 4050 inadvertentiam
705 3988 882 4058 meruisse,
901 3989 940 4048 ab
958 3984 1210 4049 exterminatione

165 4113 176 4149 ¹
190 4116 223 4162 l'l.
240 4115 329 4171 loseph
342 4114 371 4162 dr
383 4113 444 4161 uolt.
455 4112 511 4160 lud.
521 4146 528 4174 ,
538 4113 573 4160 lib
592 4115 621 4174 Ξ,
635 4125 657 4162 c.
668 4113 692 4162 8.
1087 4187 1096 4230 ¹

1071 4189 1085 4232 3
