2708 4846
135 494 167 545 10
573 492 617 540 DE
631 489 764 541 CANONE
879 484 882 491 ”

136 576 264 649 nomine
277 585 366 647 unius
382 584 454 645 libri
473 587 671 647 recensebant
689 582 788 663 (coni.
804 599 835 642 n.
850 582 869 641 7
878 582 899 661 ).
917 582 1068 646 Caeterum
1083 578 1117 640 in
1134 576 1204 641 aliis

135 672 348 749 antiquissimis
361 672 483 732 Decreti
495 671 608 732 Gelasii
618 671 788 740 codicibus,
799 676 876 729 teste
889 668 1061 741 Harduino,
1073 665 1202 745 legitur:

136 759 200 820 Duo
215 759 286 819 libri
301 759 417 830 Esdrae,
434 766 465 819 et
477 758 535 819 duo
546 758 620 817 libri
632 757 882 817 ltlachabaeorum.

165 843 196 902 5⁰
221 844 357 904 Gratuita
379 844 502 905 assertio
526 843 619 922 gratis
638 849 773 920 negatur.
797 841 1004 903 celeberrima
1022 838 1088 899 hoec
1112 838 1205 898 luno·

136 930 228 991 centii
240 932 252 989 l
262 930 396 1009 Epistola
415 931 453 989 ab
471 930 610 990 omnibus
620 929 709 988 bouis
720 928 834 987 criticis
846 927 915 986 huic
931 923 1070 985 Pontifici
1089 923 1204 985 adscri-

136 1014 230 1087 bitur,
251 1023 284 1076 et
302 1015 465 1092 Dionysius
490 1015 636 1093 Exiguus,
656 1013 759 1074 sacculi
779 1013 858 1073 sexti
881 1011 1024 1092 scriptor,
1042 1011 1126 1071 illam
1140 1009 1204 1088 jam

136 1101 238 1162 refert.
622 1120 624 1124 ·
841 1135 844 1144 ·

171 1186 202 1245 Ψ
218 1187 380 1246 Decretum
397 1184 456 1245 hoe
474 1182 513 1244 ab
529 1183 665 1262 Eugenio
683 1190 788 1260 quarto
801 1182 923 1261 publica
935 1182 967 1240 in
978 1175 1130 1250 sessione,
1139 1179 1204 1240 Ro·

136 1289 193 1333 mae
202 1274 234 1332 in
242 1271 378 1333 Ecclesia
390 1271 585 1331 Lateranensi
599 1269 716 1341 habita,
727 1269 819 1329 latum
830 1269 895 1329 luit.
908 1271 1000 1340 Num,
1013 1267 1094 1345 quod
1103 1267 1204 1328 Graeci

138 1358 349 1427 discesserant,
370 1356 448 1430 illud
466 1356 548 1414 nulla
566 1355 743 1416 auctoritate
764 1354 880 1432 pollet?
901 1355 1017 1413 Scimus
1036 1351 1202 1412 Ecclesiam

137 1444 273 1506 Graecam
290 1442 428 1502 eumdem
438 1442 597 1500 Librorum
616 1456 768 1501 sacrorum
779 1440 934 1503 Canonem
948 1438 1088 1499 habuisse
1106 1436 1200 1510 (conl.

138 1547 167 1593 n.
180 1530 246 1607 lt);
261 1545 299 1589 an
311 1528 384 1606 quid
395 1528 475 1588 aliud
487 1528 667 1605 requiritur?

172 1614 204 1675 5⁰
215 1615 346 1674 Necesse
362 1612 442 1672 haud
459 1618 520 1682 est,
538 1619 571 1671 ut
589 1612 758 1673 Concilium
776 1611 860 1671 Trid.
879 1611 918 1670 sit
934 1611 1096 1689 Scripturas
1112 1609 1200 1671 sacris

137 1702 286 1779 superius,
301 1700 339 1761 ad
352 1698 559 1760 decernendos
571 1699 677 1758 Libros
695 1715 810 1769 saeros,
824 1705 856 1757 et
867 1698 904 1758 ad
917 1697 1112 1776 judicandum
1121 1698 1204 1775 juxta

138 1787 331 1848 traditionem
347 1786 563 1856 Ecclesiam,
584 1785 692 1845 Libros
710 1785 1005 1844 Deuterocanonieos
1023 1799 1089 1844 esse
1102 1783 1204 1860 Scrip-

138 1878 234 1930 turam
253 1870 525 1930 sacram-Patres
535 1869 708 1930 Tridentini
720 1869 757 1930 ad
769 1869 1030 1930 detemninandum
1047 1885 1204 1930 numerum

137 1957 296 2016 Librorum
314 1972 466 2016 sacrorum
476 1973 534 2017 nec
545 1956 732 2017 revelatione
752 1955 891 2035 speciali,
905 1971 963 2015 nec
980 1971 1128 2016 consensu
1139 1974 1204 2015 om·

138 2042 222 2102 nium
231 2041 432 2101 Ecclesiarum
443 2042 629 2118 antiquarum
646 2041 771 2120 physice
783 2040 916 2100 unanimi
929 2040 1138 2118 indiguerunt,
1155 2037 1204 2103 soss

139 2128 201 2187 cuti
220 2133 290 2186 sunt
306 2124 478 2203 praeclaram
487 2126 621 2203 regulam
632 2127 661 2184 S.
672 2125 833 2203 Augustini
853 2122 930 2200 (tio.
944 2125 975 2195 E,
990 2126 1121 2187 delicet.
1133 2128 1202 2190 cnr.

140 2230 168 2272 e.
178 2212 234 2289 8.),
248 2209 327 2288 quod
336 2210 368 2267 in
378 2209 616 2270 determinandis
628 2210 788 2288 scripturis
798 2211 889 2270 sacris
899 2211 1050 2287 sequenda
1061 2213 1101 2272 sit
1110 2215 1205 2293 maior

139 2297 298 2375 potiorque
318 2312 385 2372 pars
400 2295 615 2367 Ecelosiarum,
633 2312 699 2372 quae
717 2295 748 2354 in
765 2296 901 2356 testanda
921 2297 1114 2359 traditionea
1130 2319 1203 2361 vero

141 2381 281 2440 aberrare
302 2379 381 2438 baud
405 2387 513 2458 potest.
526 2382 736 2459 -Scriptura,
758 2397 846 2457 quam
865 2388 981 2441 constat
1004 2397 1070 2443 esse
1090 2401 1205 2445 sacram

141 2467 338 2546 Scripturam,
361 2475 407 2526 est
434 2482 505 2527 sane
525 2466 662 2538 lucerna,
683 2467 784 2526 lumen
804 2474 835 2527 et
854 2468 1012 2528 evidenter
1030 2470 1203 2544 credibilis,

140 2553 330 2631 semetipsam
340 2553 542 2623 manifestans3
555 2553 608 2613 scd
618 2554 701 2632 prius
712 2571 750 2634 ex
758 2552 935 2624 traditione,
947 2561 999 2614 aut
1010 2571 1049 2614 ex
1059 2557 1205 2619 Ecclesia

141 2636 359 2747 declarationc3
381 2646 516 2700 constare
535 2638 641 2712 debet,
665 2656 801 2718 quaenam
821 2640 1029 2724 scripturapsit
1050 2634 1206 2724 Scriptura

140 2739 235 2784 sacra.

176 2814 263 2872 Note.
278 2808 473 2872 Difficultatcs
484 2811 678 2890 particulares
688 2812 848 2872 Librorum
856 2813 1202 2880 Deuterocanonicorum

25 2967 30 2976 ,
138 2894 209 2956 vide
223 2895 275 2954 ubi
288 2895 383 2958 debis
393 2898 479 2957 libris
491 2898 616 2975 agimus.

473 3030 529 3099 Sit.
542 3059 569 3069 -
580 3035 615 3083 Dc
626 3034 704 3084 Libris
714 3035 871 3097 apocryphis.

176 3149 227 3202 22·
243 3151 327 3210 Libri
342 3153 462 3229 publice
473 3153 597 3232 praelegi
608 3154 687 3215 haurd
699 3153 780 3216 soliti
791 3169 929 3233 nmquam,
946 3157 1132 3235 Apoctpplei,
1151 3177 1205 3220 seu

139 3234 257 3306 occulti,
274 3236 349 3296 dicti
366 3246 443 3298 sunt.
455 3242 483 3298 A
503 3249 606 3315 quarto
628 3249 728 3299 autem
747 3245 854 3302 saeeulo
869 3243 1043 3322 Apoerypbi
1063 3244 1205 3307 dicturtur

138 3318 209 3378 libri
218 3363 225 3388 ,
235 3321 289 3461 lqni
300 3330 368 3381 sunt
381 3331 466 3383 extra
476 3324 638 3386 Cononem.
650 3327 725 3386 Duae
734 3326 843 3388 dantur
852 3329 998 3389 librorum
1006 3330 1206 3410 Apocrypho·

138 3421 204 3464 rum
218 3421 234 3464 c
248 3421 338 3465 asses,
564 3418 569 3426 '

172 3490 272 3548 Prima
283 3490 492 3567 complectitur
506 3491 600 3553 libros
618 3494 911 3575 pseudoepiqrcplios,
925 3516 1051 3578 eosque,
1066 3502 1118 3579 qui
1128 3502 1205 3566 licet

137 3574 255 3634 abonis
267 3575 437 3635 auctoribus
449 3576 568 3655 scripti,
584 3579 744 3640 utilitatem
757 3581 928 3661 legentibus
944 3586 1051 3646 ailerre
1063 3598 1202 3666 possent,

138 3674 178 3716 ex
188 3657 258 3718 albo
270 3665 369 3718 amen
383 3659 531 3719 'librorum
552 3678 702 3745 sacrqrum
718 3668 831 3728 exclusi
844 3676 921 3729 sunt.
936 3671 1112 3748 Huiusmodi
1134 3684 1206 3736 surrt

137 3739 267 3802 liberlll
281 3751 311 3803 et
321 3744 364 3801 lv
376 3743 493 3816 Esdrae‚
505 3748 545 3804 lll
559 3754 590 3806 et
600 3748 642 3804 lV
654 3749 909 3825 Machabaeomm,
922 3755 1026 3815 Oratio
1044 3759 1126 3837 regis
1137 3760 1205 3822 ltla-

137 3828 245 3900 nassis,
258 3828 346 3889 bonis
356 3829 493 3890 sensibus
503 3831 602 3909 plena,
614 3831 652 3892 de
664 3850 722 3911 qua
733 3838 761 3895 ll
774 3838 903 3917 Paralip.
915 3839 966 3910 55,
980 3841 1015 3901 lii
1026 3839 1202 3918 timentia,

135 3914 287 4006 tamquam
304 3929 322 3973 e
340 3913 528 3975 sermonibus
542 3916 634 3976 llosai
645 3921 789 3998 repetita,
805 3923 940 3985 Psalmus
950 3926 1032 3998 XLI,
1051 3927 1206 4006 aliquibus

130 3991 322 4090 'editionibus
341 3999 421 4058 Lxx
441 4001 639 4077 lnterpretum
658 4004 793 4074 additus,
813 4013 965 4084 tamquam
984 4014 1168 4090 compositus
1184 4032 1203 4076 a

135 4075 252 4143 Doride
262 4087 330 4158 post
341 4080 494 4147 devictum
510 4084 646 4159 Goliatlr,
659 4089 801 4166 Prologus
812 4092 849 4155 ad
861 4095 972 4156 tiorum
983 4096 1201 4174 Ecclesiastioi.
