2708 4846
135 469 183 523 tat
537 464 586 515 itti
600 458 812 541 tudunum

171 565 203 626 7⁰
224 560 351 627 Diversa
366 539 561 633 documenta,
582 540 613 621 et
632 558 767 620 historiae
788 528 812 616 a¹
824 539 1070 634 praecedentibus
1088 564 1224 630 proram

136 661 281 734 separatae
293 657 454 716 occurrunt
466 667 493 710 c.
508 648 542 709 17
554 654 585 709 at
598 646 634 706 18
655 652 745 723 atque
759 658 787 704 c.
802 637 998 712 1111011111.

472 779 878 852 sxhn.-AEtarrtorrtuuteom.

175 911 245 967 131.
259 908 347 968 AEtas
365 906 471 987 primae
489 904 674 987 potiorisque
691 900 784 982 partis
797 897 870 958 lihri
889 896 1033 956 Judicum
1052 893 1204 961 reserenda

138 1005 185 1058 est
196 995 234 1057 ad
252 1002 387 1075 tempus,
399 991 480 1071 quod
497 990 657 1070 septimum
671 1004 782 1048 annum
797 983 884 1062 regni
902 982 1028 1043 Davidis
1048 981 1198 1063 praecedit

136 1101 206 1144 nam
219 1081 270 1143 ε1ο
283 1079 295 1158 (
308 1098 336 1142 c.
350 1081 383 1150 l,
401 1079 436 1138 Sl
450 1078 461 1155 )
474 1077 587 1139 dicitur
601 1073 759 1134 Jabusaeos
776 1071 928 1131 habitasse
945 1068 1044 1130 adhue
1062 1069 1116 1130 illo
1131 1077 1194 1130 tem

138 1185 211 1248 pore
232 1165 466 1243 Hierosolymis,
478 1162 561 1223 malla
572 1160 728 1220 mentione
741 1158 818 1219 lacta
837 1156 877 1216 de
899 1154 1191 1235 expugnatiooeard

138 1256 227 1327 Sion,
240 1269 307 1332 quae
319 1252 419 1312 locum
429 1248 536 1309 habuit
552 1263 630 1308 anno
643 1246 771 1324 septimo
793 1244 881 1322 regni
899 1242 1039 1315 Davidis,
1051 1242 1103 1320 qui
1114 1241 1190 1301 Jebu

138 1358 213 1403 saeos
228 1347 293 1400 tum
310 1337 383 1397 inde
399 1335 514 1415 expulit
530 1331 576 1410 (ll
595 1334 671 1409 Reg.
685 1331 733 1408 11);
754 1330 785 1389 2⁰
804 1329 999 1391 Desideratur
1015 1328 1048 1388 in
1059 1326 1115 1389 hoc
1129 1326 1190 1387 librt

140 1425 265 1487 historia
278 1421 434 1493 Samuelis,
445 1421 536 1478 immo
550 1424 582 1479 et
593 1417 674 1476 Heli.
683 1415 771 1492 Quod
783 1414 890 1494 probat
902 1421 1056 1474 auctorem
1067 1413 1137 1474 libri
1143 1428 1193 1473 ero

141 1512 211 1572 llcli
229 1516 281 1570 aut
296 1508 492 1577 anteriorem,
504 1511 698 1565 autcoaevmn
716 1502 821 1573 luisse,
835 1501 887 1578 qui
905 1499 1061 1561 historiam
1072 1499 1212 1561 bancort

140 1604 175 1658 ut
184 1596 317 1658 nondum
330 1593 519 1661 existentem,
532 1597 583 1651 aut
594 1597 627 1649 ut
640 1597 741 1649 notam
753 1596 784 1648 et
796 1594 951 1647 recentem
961 1587 1073 1648 omisit.
1084 1586 1195 1667 Oportet
1230 1630 1233 1635 .

140 1681 268 1761 proinde
281 1680 362 1741 hunc
378 1679 489 1739 librum
508 1677 653 1755 scriptum
670 1674 760 1736 luisse
777 1672 882 1735 saltem
902 1674 1007 1753 primis
1023 1674 1110 1736 annia
1123 1669 1196 1757 regni

143 1768 253 1840 saulis,
266 1768 343 1829 lorte
354 1765 394 1827 ab
405 1766 471 1844 ipso
484 1762 634 1824 Samuele.

412 1904 520 1973 sithiu.
531 1931 562 1942 -
571 1905 643 1955 Fides
652 1905 716 1953 libro
726 1903 839 1953 iudicum
849 1903 942 1954 debita.

180 2033 251 2087 aea.
265 2031 380 2090 Auctor
397 2030 509 2089 librum
521 2045 607 2089 sunm
623 2044 738 2089 summa
749 2045 817 2088 cum
833 2025 982 2106 religione
995 2043 1013 2086 e
1026 2026 1201 2090 documentis

143 2117 274 2195 antiquis
285 2117 468 2196 composuita
483 2116 513 2174 l⁰
524 2115 707 2175 enimverba
720 2115 838 2172 illorum
851 2114 1025 2190 frequenter
1034 2115 1202 2184 retinuitut

143 2203 214 2278 styli
229 2202 387 2263 diversitas
402 2202 516 2272 innuit,
530 2192 562 2261 ct
579 2201 674 2279 ipsam
690 2200 841 2278 duplicem
857 2201 1103 2261 terminationem
1123 2200 1203 2263 doen·

143 2294 314 2346 mentorum
322 2287 457 2348 historiae
470 2286 640 2362 samsonis(
651 2304 677 2346 c.
690 2287 739 2356 lt,
751 2285 788 2345 10
799 2294 830 2346 et
840 2303 868 2346 o.
882 2284 932 2356 16,
944 2285 978 2345 tl
992 2287 1002 2360 )
1014 2284 1063 2362 (n.
1077 2288 1162 2365 tta).

180 2370 213 2430 2⁰
222 2371 333 2432 Omnia
348 2378 410 2449 prae
427 2389 461 2432 se
477 2371 578 2431 ierunt
593 2371 730 2432 veritatis
747 2371 877 2442 indicia;
896 2389 966 2433 nam
978 2380 1084 2434 auctor
1098 2380 1204 2446 narrat,

145 2455 300 2525 Hebraeos,
311 2463 399 2517 antea
411 2472 568 2536 pauperes,
578 2455 710 2516 infertili
722 2455 847 2534 regione
856 2456 998 2519 Chanaan
1008 2458 1117 2520 molles
1124 2460 1206 2522 lacha

145 2557 228 2612 esse,
240 2540 331 2602 taetlio
350 2542 500 2602 bellorum
524 2541 736 2602 intestinorum
753 2548 856 2618 captos
877 2550 1116 2621 contentosque,
1136 2543 1207 2623 quod

145 2627 330 2690 chananaeos
341 2627 515 2688 tributarios
528 2627 746 2698 reddidissent,
756 2626 841 2688 hisce
853 2628 1020 2689 idololatris
1032 2631 1207 2710 pepercisse,

147 2720 178 2772 et
189 2714 229 2774 ob
241 2716 455 2776 commercium
465 2732 534 2776 cum
546 2714 607 2776 illis
617 2714 716 2793 lapsos
727 2730 792 2775 esse
804 2715 837 2774 in
850 2714 1066 2785 idololatriam,
1080 2732 1147 2794 quae
1161 2734 1209 2779 vo·

145 2801 274 2881 luptates
288 2818 323 2863 ao
335 2802 496 2862 mollitiem
515 2803 548 2862 in
560 2802 672 2863 cultum
683 2800 858 2880 religiosum
869 2807 1002 2862 verterat
1016 2820 1024 2861 ε
1039 2820 1133 2881 quare
1144 2806 1208 2867 ede-

146 2887 251 2946 minati
268 2887 368 2947 Judaei
380 2887 441 2949 suis
452 2886 587 2948 hostibus
599 2887 834 2962 succubuerunt,
848 2895 936 2964 atque
953 2904 971 2946 a
988 2887 1166 2953 chananaeis
1183 2896 1209 2952 el

146 2972 214 3033 aliis
229 2973 371 3050 gentibus
391 2974 423 3033 in
444 2974 621 3034 servitutem
636 2974 745 3053 saepius
764 2972 879 3033 redacti
897 2974 1031 3046 luerunt,
1047 2992 1066 3035 e
1085 2994 1144 3055 qua
1161 2992 1209 3058 per

146 3058 228 3119 viros
240 3058 510 3129 extraordinarios,
524 3077 542 3120 a
557 3060 623 3120 Deo
634 3060 750 3128 missos,
764 3060 907 3139 populum
918 3060 956 3120 ad
969 3077 1050 3121 arma
1064 3063 1210 3124 concitan-

147 3149 208 3213 tes,
221 3143 343 3205 liberati
355 3145 483 3205 luerunt.
493 3146 561 3204 Viri
573 3145 617 3218 hi,
631 3145 750 3214 ntAod,
760 3145 884 3224 Jcphte‚
898 3147 1033 3217 Samson,
1047 3155 1079 3207 et
1091 3148 1209 3211 Gedeon

147 3229 288 3307 equidem
299 3237 333 3290 ut
345 3231 476 3292 illustres
488 3230 678 3301 exhibentur,
689 3238 720 3291 at
732 3248 836 3291 eorum
844 3232 922 3292 naevi
931 3232 1057 3293 minime
1069 3240 1210 3297 tacentur.

182 3313 214 3372 5⁰
227 3313 351 3384 Omnia,
361 3332 427 3393 qnae
441 3316 471 3374 in
482 3315 541 3375 hoc
552 3316 631 3376 libro
645 3324 802 3377 narrantur
813 3317 935 3395 antiquo
948 3318 994 3377 illi
1007 3336 1073 3380 aero
1083 3323 1210 3403 apprime

147 3401 347 3473 conveniunt,
360 3419 486 3479 quaeque
501 3420 556 3481 pro
576 3403 697 3463 illorum
714 3412 883 3483 temporum
901 3405 1077 3469 conditione
1098 3410 1211 3473 dumont

145 3492 231 3566 gesta
242 3492 326 3558 sunt,
339 3486 464 3545 minime
477 3495 662 3550 excusantur.

182 3568 215 3630 12⁰
227 3570 321 3633 Multa
337 3571 370 3631 in
388 3571 448 3632 hoc
458 3572 537 3633 lihro
550 3574 645 3636 relata
655 3576 688 3636 in
700 3576 767 3638 aliis
778 3575 879 3637 Libris
896 3578 989 3643 sacris
1007 3579 1116 3642 eodem
1128 3583 1209 3643 moda

147 3663 352 3718 recensentur.
367 3656 516 3717 Tandem.

184 3742 216 3801 5⁰
228 3742 350 3804 Hebraei
368 3742 448 3804 hunc
463 3744 574 3805 librum
589 3753 623 3807 ut
646 3763 763 3809 sacrum
780 3759 979 3830 receperunt,
995 3752 1117 3831 quando
1136 3752 1211 3814 illios

149 3825 326 3890 docmnenta
340 3827 438 3889 adhuc
451 3831 607 3904 extabant,
618 3840 649 3894 et
660 3835 779 3910 quando
792 3837 986 3900 veracitatem
1001 3840 1134 3904 auctorIs
1147 3854 1207 3903 en·

148 3914 265 3979 minare
277 3924 416 3998 poterant
426 3915 440 3997 l
451 3918 537 3984 eom.
547 3939 578 3984 n.
589 3922 698 3985 tta-to
710 3931 741 3986 et
751 3925 896 3986 tlt-lii
906 3926 930 4004 l.
