2708 4846
475 495 664 545 trahentia!
679 491 883 543 Sicuonem.
1187 479 1218 527 ⁸3

132 587 278 665 bonaque
301 589 457 648 homanum
483 590 630 649 dominio.
657 589 754 651 Causa
777 601 851 646 vero
874 579 961 643 necis
979 582 1012 639 et
1034 573 1219 654 expulsionis

133 672 378 739 chananaeorum
395 674 452 733 init
470 690 574 735 eorum
593 673 746 751 corruptio
773 687 808 730 ac
824 667 974 747 flagitiosa
991 662 1069 733 vita,
1086 668 1119 721 ut
1139 659 1218 761 Gep.

134 760 205 835 (lii,
224 758 278 836 te)
295 765 327 822 ct
343 759 412 820 aliis
432 761 465 820 in
477 760 554 821 locis
570 759 685 820 diserte
703 757 825 820 dicitur.
845 755 960 815 Verum
981 766 1051 812 cum
1061 749 1218 827 AEgyptn,

135 843 297 910 monacos
318 845 433 925 aliique
449 847 555 926 populi
578 846 712 927 gentiles
732 862 794 906 non
808 843 908 904 minus
923 835 1059 918 corrupti
1075 851 1110 896 ac
1124 832 1220 935 'dagi-

142 930 205 995 b'osi
217 938 323 992 essent
338 948 428 1010 quain
447 932 628 1006 Chananaei,
651 941 742 1010 atque
756 927 922 996 Chananaei
941 941 1004 986 suae
1019 921 1187 1002 expulsrom
1203 934 1221 980 a

144 1013 240 1098 heyse
256 1019 444 1078 annrmtiatae
461 1019 610 1080 obsistere
627 1019 812 1093 potuissent,
828 1012 981 1093 siquidem
996 1009 1064 1071 hacc
1088 1015 1222 1070 exhaer-

142 1103 254 1166 linaria
272 1104 467 1186 providentia
480 1106 543 1167 illis
564 1107 724 1185 incognita
743 1110 840 1174 esset,
860 1098 1007 1180 quaeritur
1027 1095 1058 1156 i⁰
1075 1113 1129 1158 cur
1140 1096 1221 1156 Deus

139 1189 293 1263 llcbraeis,
312 1197 345 1252 et
360 1209 422 1253 non
436 1192 489 1252 alii
507 1193 608 1272 genti,
624 1192 674 1269 jus
685 1192 890 1260 chananaeos,
910 1193 943 1247 et
961 1201 1024 1246 non
1041 1182 1221 1263 AEgyptios‚

135 1274 306 1349 Phoenices,
320 1284 380 1340 etc.
393 1277 531 1356 pellendi
544 1279 751 1340 concesserit?
761 1277 793 1337 2⁰
806 1276 868 1341 Cur
880 1272 1069 1338 chananaeos
1079 1268 1223 1332 adinter·
1324 1304 1330 1315 ·

135 1361 298 1422 necionem
309 1380 406 1440 usque
419 1363 516 1424 deleri
527 1363 669 1441 jusserit?
1291 1426 1294 1434 ,

170 1449 195 1510 l.
206 1449 355 1508 Nonnulli
369 1465 408 1509 cx
421 1448 542 1526 conficto
563 1456 731 1510 estomotto
743 1446 862 1517 Noemi,
881 1443 934 1504 alii
947 1459 985 1504 ex
997 1447 1080 1504 contr
1118 1447 1148 1502 ttt
1159 1440 1223 1520 sor·

134 1534 208 1593 molt·
220 1532 354 1612 {iterem
373 1536 451 1616 ejus,
469 1536 611 1597 derivare
628 1537 739 1597 frustm
755 1531 858 1596 eonati
876 1537 954 1592 sunt.
967 1528 1031 1607 Qui
1048 1546 1087 1591 vc
1105 1528 1223 1592 oadse·

135 1630 204 1681 runt
211 1620 356 1682 Hebraeis
367 1638 429 1682 non
443 1622 526 1683 alind
536 1622 584 1698 jus
597 1622 674 1682 belli
683 1622 717 1682 in
726 1620 915 1685 Chananaeos
924 1617 1033 1687 fmsse,
1051 1631 1141 1694 qnam
1155 1614 1222 1677 aliis

134 1707 270 1786 populis,
283 1725 379 1770 novas
390 1708 479 1769 sedes
490 1708 712 1786 quaerentibus,
723 1707 773 1784 jus
785 1706 902 1766 nullum
912 1704 975 1764 illis
989 1703 1136 1762 tribuunt.
1148 1701 1221 1764 Etsi

137 1790 193 1855 boc
205 1801 301 1867 esset,
316 1810 355 1854 an
372 1794 473 1855 ludaei
493 1811 582 1871 aeque
592 1795 727 1873 aggressi
745 1809 808 1853 non
823 1790 951 1850 inissent
962 1787 1129 1858 Moabitas,
1141 1788 1221 1849 Edo-

137 1881 240 1949 mitas,
253 1880 444 1941 Ammonitas
456 1886 488 1940 et
497 1883 728 1950 hmmoritas,a
743 1877 855 1954 quibus
871 1873 1053 1954 simpliciter
1064 1873 1223 1935 transitum

140 1967 304 2042 petierunt,
319 1974 354 2027 ut
366 1967 398 2025 in
408 1967 569 2044 regionem
583 1965 728 2028 chanaan
739 1959 962 2041 penetrarent?
973 1959 1069 2019 Aiunt
1080 1958 1223 2036 equidem

142 2057 203 2109 tum
214 2060 357 2132 temporis
372 2054 507 2131 viguisse
527 2051 728 2121 sententiam,
741 2047 903 2127 populum,
914 2044 968 2123 qui
984 2041 1145 2121 adjuvante
1157 2048 1222 2109 Deo

138 2135 228 2197 adnm
239 2139 379 2208 vicisset,
391 2137 459 2215 jure
475 2136 564 2214 hujus
577 2139 736 2216 regionem
748 2133 922 2213 possidere,
936 2138 1164 2211 provocantque
1182 2133 1222 2194 ad
1301 2180 1307 2195 .

133 2220 256 2297 indie(
264 2223 317 2296 ll,
332 2224 394 2302 itt).
411 2223 527 2285 verum
537 2225 622 2284 locus
632 2224 692 2284 iste
703 2221 796 2283 aliam
805 2217 1110 2297 jurisdeductionem
1123 2218 1222 2281 conti·

137 2324 210 2370 nere
219 2309 337 2388 legenti
350 2329 454 2372 versus
464 2311 551 2370 tit-ae
560 2311 668 2389 liquet.

170 2394 351 2457 Verisimile
373 2397 496 2456 omnino
521 2404 581 2469 est,
602 2396 752 2457 rationem
773 2391 961 2474 expulsionis
973 2390 1222 2455 'chananaeorum

138 2494 201 2541 esee
213 2480 377 2559 pristinum
386 2481 506 2541 titulum
516 2482 715 2561 possessionis
727 2479 929 2541 Hebraeorum
940 2498 948 2536 ε
959 2477 1115 2539 Abraham
1126 2480 1219 2553 enim,

137 2581 175 2626 ne
195 2565 351 2627 deThare
369 2568 538 2645 loquamur,
560 2567 628 2644 jure
645 2567 739 2646 primi
760 2565 937 2646 occupantis
954 2581 1066 2644 pascua
1085 2567 1221 2645 regionis

137 2649 280 2713 Chanaan
300 2653 451 2731 possedit,
466 2661 574 2733 puteos
593 2653 687 2725 fodit,
711 2653 818 2713 altaria
838 2653 953 2723 erexit,
973 2651 1222 2732 voluntatemque

137 2735 292 2799 sibiliano
309 2740 469 2817 regionem
490 2738 654 2800 addicendi
671 2737 890 2807 manifestavit3
912 2735 985 2797 hinc
1001 2736 1084 2796 illam
1100 2754 1163 2799 non
1180 2741 1221 2801 ls-

138 2821 226 2881 maeli
248 2821 305 2883 sed
321 2824 440 2893 lsaaco,
459 2831 491 2883 et
506 2823 557 2883 hic
573 2841 637 2883 non
649 2825 730 2884 Fsau
740 2823 797 2884 sed
812 2821 929 2883 Jacobo
945 2829 980 2882 ut
995 2820 1220 2884 haereditariam

138 2905 324 2985 reliquitur
336 2909 517 2969 Patriarchae
529 2909 688 2987 regionem
699 2909 844 2974 chanaan
858 2907 938 2968 ultra
952 2907 1013 2968 duo
1028 2907 1139 2969 sarcula
1149 2926 1220 2988 pos-

138 2991 296 3068 sederunt,
310 2994 479 3072 usquedum
496 2995 593 3055 Jacob
606 3012 676 3055 cum
687 2996 764 3068 suis,
786 2995 947 3056 occasione
964 2994 1098 3073 ingentis
1116 2994 1218 3068 tamis,

140 3075 181 3138 ad
194 3078 359 3157 Josephum
372 3080 405 3138 in
421 3080 591 3159 AEgyptum
605 3080 759 3157 migravit.
780 3080 857 3142 Cum
874 3096 948 3139 vero
966 3078 1021 3138 illc
1035 3096 1070 3138 ac
1086 3077 1151 3153 ejus
1162 3078 1219 3140 tilii

142 3159 273 3223 mimam
280 3163 355 3225 inde
364 3165 397 3225 in
409 3164 554 3228 chanaan
567 3163 718 3225 redeundi
726 3161 899 3232 habuerint,
913 3169 948 3220 ut
959 3168 1075 3221 constat
1089 3177 1128 3220 ex
1138 3162 1217 3225 Gen.

141 3242 202 3323 148,
215 3247 317 3319 Μὴ
328 3250 377 3320 ἱι9,
389 3251 485 3328 l-ld),
497 3249 643 3328 jussuum
656 3251 689 3309 in
699 3249 778 3309 hanc
789 3247 947 3326 regionem
956 3263 1017 3307 non
1028 3245 1217 3310 abdicarunt.

173 3332 280 3393 AEtate
298 3334 431 3394 Abrahae
445 3336 587 3414 equidem
602 3335 769 3400 chananaei
783 3335 817 3395 in
835 3334 963 3413 regione
975 3331 1118 3396 chanaan
1132 3341 1220 3396 erant

140 3411 234 3492 iGcrt.
248 3419 296 3491 li,
308 3419 360 3490 ld;
371 3420 420 3492 ii,
432 3421 478 3498 5),
493 3422 623 3500 atpauci
636 3419 856 3482 tantummodo.
870 3420 911 3481 lli
921 3437 1010 3494 vero,
1026 3420 1136 3483 Jacobi
1147 3437 1218 3499 pos·

140 3504 259 3564 tcritatc
277 3504 356 3564 ultra
367 3514 494 3583 quatuor
504 3508 614 3568 saecula
628 3508 661 3567 in
672 3508 808 3586 AEgypto
821 3514 1041 3578 commorante,
1055 3505 1217 3568 admodrun

137 3588 330 3668 multiplicati
350 3606 472 3652 omnem
488 3590 632 3654 Chanaan
651 3601 850 3673 occuparant,
872 3595 1054 3672 Judaeosque
1070 3591 1145 3652 inde
1162 3609 1216 3653 ex·

106 3734 111 3743 ,
137 3672 386 3738 trecenteno
404 3677 498 3755 igitur
507 3695 561 3739 suo
571 3680 672 3740 iudaei
690 3681 847 3759 regionem
856 3681 999 3745 chanaan
1015 3677 1213 3756 repetebant,

137 3766 169 3821 et
183 3778 256 3823 cmn
274 3759 361 3820 illam
380 3759 506 3840 pacifice
525 3764 666 3828 obtinere
683 3765 767 3828 haud
785 3774 924 3845 possent,
938 3766 1008 3846 jure
1026 3763 1214 3829 chmanaeos

65 3896 69 3919 ,
126 3846 226 3908 tumis
238 3846 376 3925 aggressi
390 3855 469 3910 sunt

65 3930 88 4009 ξ.
164 3932 315 3996 dilictio
332 3934 512 3998 omnimodae
526 3939 785 4001 exterminationis
801 3940 1040 4004 chananaeorum
1052 3944 1116 4001 crat
1127 3953 1209 4001 -ne

65 4028 81 4117 {-
126 4012 261 4111 Kebraei
280 4017 344 4079 illis
357 4019 487 4081 immixti
506 4031 536 4083 ct
553 4022 586 4085 in
603 4041 708 4086 corum
719 4024 922 4087 idololatriam
938 4030 970 4085 et
986 4027 1210 4106 corruptionem

73 4122 77 4155 ³
130 4094 331 4193 florentum
342 4115 418 4170 -ot
434 4108 559 4173 Hehraei
578 4119 677 4176 certas
692 4113 781 4178 sedes
800 4112 963 4191 haherent3
974 4128 1058 4179 .··ne
1074 4119 1209 4198 posteat
1226 4188 1233 4201 ,

80 4404 96 4439 ιΙ
