2708 4846
456 454 645 504 nrnaonuu
661 454 862 505 saeuorum.
1125 428 1128 435 ’
1181 456 1198 505 a

458 588 513 661 gv.
525 620 555 630 -
565 595 645 644 canon
656 593 852 642 protestantium.

102 718 104 723 '
189 718 449 781 &leatholioormn
468 737 565 781 canon
583 737 704 800 semper
716 721 816 782 varius
832 718 897 781 suit.
909 720 1071 789 Luthems,
1088 721 1195 801 primi·

166 806 399 880 peintcsuntes
415 823 432 866 e
449 806 585 884 catalogo
602 808 762 866 Librorum
777 823 929 866 sacrorum
945 809 1118 883 reiecerunt
1131 826 1195 868 orn·

166 904 205 948 nes
212 890 289 950 libros
299 891 585 951 deuteroeanonicos
596 892 707 951 veteris
728 891 864 952 Foderis
880 909 914 952 ae
926 893 990 952 iere
1006 910 1108 953 omnes
1119 894 1194 956 deu·

120 982 123 987 '
166 977 352 1037 tmanomeos
372 977 445 1036 novi
464 976 599 1036 Foederis
614 974 812 1055 :Epistolam
834 977 953 1037 seilicet
971 976 1009 1037 ad
1032 978 1191 1052 Hebraeos,

102 1102 105 1135 ,
163 1056 287 1136 Epistulam
295 1063 403 1123 Jacobi
416 1070 448 1122 et
458 1061 561 1133 Judae‘,
575 1062 737 1122 seeundum
746 1062 843 1134 Petri,
858 1062 1019 1124 secundam
1031 1071 1061 1124 et
1072 1066 1192 1126 tertiam

102 1178 105 1199 t
161 1141 254 1205 loannis
264 1162 297 1205 ae
307 1147 522 1226 Apocalypsin.
664 1144 667 1149 ’

184 1225 314 1302 Calvinus,
330 1232 453 1309 ejusque
465 1231 555 1311 primi
568 1226 704 1304 asseclae,
719 1233 833 1311 pariter
844 1250 883 1293 ex
894 1229 962 1294 albo
973 1233 1133 1295 Librorum
1144 1251 1192 1296 sa·

160 1326 246 1375 mum
256 1319 408 1397 ejecerunt
425 1335 529 1378 omnes
545 1318 638 1379 libros
651 1319 941 1379 deuteroeanonioos
960 1322 1072 1381 veteris
1085 1322 1190 1385 Testa-

159 1405 238 1474 nale
249 1405 533 1466 deuteroeanonioos
544 1412 643 1464 atatem
655 1406 728 1464 novi
738 1406 923 1466 Testamenti
935 1406 1134 1468 retinuerunt.

181 1486 362 1550 Protestantes
374 1498 473 1550 autem
487 1489 557 1549 ideo
577 1491 764 1568 potissimum
784 1490 881 1552 dictos
899 1490 992 1552 libros
1012 1502 1190 1572 respuerunt

159 1573 250 1646 tuodse
266 1577 303 1635 iis
313 1576 445 1634 nimium
456 1576 557 1653 urgeri
570 1576 751 1637 sentiebant.
768 1578 834 1638 Mos
843 1578 905 1656 jam
926 1577 1094 1640 invaluerat
1110 1582 1189 1660 apud

156 1657 262 1736 arianos
277 1661 447 1731 haereticos,
460 1668 493 1720 ut
505 1661 685 1722 ohservatS.
695 1661 910 1740 Hieronymus:
925 1664 962 1722 lit
973 1663 1112 1740 quidquid
1122 1685 1190 1727 oocu-

156 1746 249 1805 aarum
259 1765 313 1807 suo
330 1747 463 1824 dopruoti
476 1746 622 1816 tullerunt,
634 1747 678 1807 oet
696 1747 859 1820 eraderent,
871 1749 1013 1808 ueletiam
1027 1750 1132 1827 ahtepre
1144 1770 1190 1811 re·

152 1829 282 1903 podiormt.

177 1916 326 1979 leatholIei
342 1935 415 1979 vero
428 1935 488 1979 non
510 1918 597 1997 pauci
614 1918 673 1977 hoe
690 1923 792 1976 nostro
803 1924 939 1994 tempore
951 1917 1095 1990 latentur,
1115 1919 1189 1981 lieet

151 1995 224 2063 libros
233 2004 515 2064 deuteroeanonieos
527 2002 639 2063 ueteris
649 2001 785 2076 Foederis
797 2008 831 2061 ut
842 2001 1003 2062 eanonicus
1014 2020 1074 2063 non
1084 2021 1189 2084 agnos-

151 2093 214 2157 tant,
224 2089 347 2166 maiores
357 2105 425 2148 suos
437 2088 506 2147 odio
516 2086 615 2165 potius
626 2088 768 2146 Romanae
779 2086 937 2158 Ecclesiae,
948 2105 1036 2164 quam
1046 2091 1188 2167 gravibus

150 2172 288 2237 rationibus
302 2176 422 2245 ductos,
435 2174 529 2233 libros
542 2172 831 2234 deuteroeanonieos
843 2191 881 2233 ex
893 2189 1009 2235 canone
1021 2176 1184 2252 delevisse,

150 2262 172 2313 et
181 2258 272 2329 dubia,
285 2278 324 2321 ex
337 2278 440 2321 eorum
453 2267 627 2338 argumento
639 2259 780 2320 adversus
797 2260 918 2319 illorum
930 2264 1104 2323 eanonicam
1116 2282 1187 2327 aue-

148 2342 273 2405 toritatem
291 2346 404 2424 petita,
426 2345 513 2404 facile
533 2345 610 2404 solui
631 2361 729 2422 posse.
741 2344 888 2404 Fatentur
921 2346 1013 2411 hosce
1031 2348 1126 2410 libros
1145 2353 1185 2412 ob

149 2423 265 2492 doetrinae
279 2431 504 2501 excellentiam,
519 2438 549 2489 et
561 2430 692 2489 nationis
706 2428 833 2507 judaieae
845 2429 1014 2504 historiam,
1028 2434 1067 2493 oh
1081 2438 1186 2499 vatici-

147 2509 239 2575 niomn
250 2516 495 2593 intelligentiam,
510 2515 548 2575 ad
566 2532 653 2591 quam
669 2517 846 2576 neeessariae
861 2520 930 2577 sunt
944 2518 1184 2584 hlaohahaeorum

146 2590 266 2671 hotone,
279 2609 369 2677 atque
381 2602 420 2660 oh
432 2608 583 2679 praecepta
595 2600 803 2672 saluberrima,
818 2603 926 2678 quihus
937 2603 1009 2663 lihri
1022 2607 1184 2684 Sapientiae

145 2685 367 2747 aeEeelesiastiei
383 2687 569 2766 potissimum
584 2686 750 2761 abundant,
763 2689 901 2749 maximae
919 2691 1070 2766 utilitatis,
1088 2694 1184 2756 leetu-

143 2782 187 2842 que
197 2770 381 2848 dignissimos
393 2789 468 2833 esse.
842 2784 846 2795 “

168 2852 259 2916 &non
271 2866 371 2918 autem
381 2857 544 2920 hodiernus
555 2861 627 2919 novi
640 2858 775 2920 Foederis
785 2862 1012 2939 protestantium
1027 2863 1110 2924 idem
1122 2875 1181 2938 est,

139 2937 227 3001 saltem
238 2945 422 3004 communius
431 2943 462 3002 in
474 2943 634 3004 Germania
646 2960 679 3004 ae
688 2944 740 3004 ille
750 2944 975 3010 catholicorum.
986 2949 1183 3014 Recentioros

138 3028 221 3088 tanen
231 3028 365 3089 nonnulli
376 3029 577 3089 Protestantes
589 3028 815 3090 duhia'movent
828 3030 866 3090 de
879 3033 969 3110 capt
984 3034 1045 3094 aei
1061 3037 1091 3095 S.
1104 3038 1183 3097 llat-

138 3106 212 3182 lhaeil,
225 3114 261 3174 de
275 3114 310 3173 ia
326 3112 440 3173 ultimis
451 3114 586 3173 versibus
602 3114 710 3192 capitis
728 3113 825 3172 ultimi
841 3116 871 3172 S.
885 3117 995 3187 lilarei,
1015 3117 1053 3176 do
1069 3136 1134 3198 eap.
1146 3124 1179 3179 tl

135 3193 160 3253 S.
171 3198 284 3261 loannis
293 3206 326 3259 et
336 3199 375 3259 de
389 3198 451 3277 ejus
459 3199 652 3278 Apocalypsi.
664 3199 775 3257 Eorum
788 3197 977 3261 difficultates
986 3217 1039 3261 suo
1049 3201 1116 3263 loeo
1124 3207 1183 3264 sol·

123 3296 232 3343 temus.

133 3428 184 3503 lvi.
191 3440 304 3488 -Cauon
315 3439 497 3501 catholicorum,
508 3454 553 3490 sen
560 3441 660 3490 concilii
668 3436 814 3501 Tridentini,
822 3442 951 3492 conformis
962 3444 999 3493 est
1006 3439 1179 3509 praecipuarum

152 3507 308 3557 Ecclesiarum
325 3510 477 3570 antiquarum
490 3511 633 3571 canonibus,
645 3511 853 3572 plurimorumque
864 3513 962 3561 l’atrum
972 3516 1079 3576 quinque
1090 3518 1181 3578 primo-

151 3588 200 3653 rum
207 3580 351 3628 saeculorum
359 3579 468 3640 scriptis,
479 3592 554 3640 quaro
561 3581 696 3632 Concilium
706 3581 875 3630 rriuentinum
885 3583 956 3649 illum
965 3586 1053 3634 merito
1065 3587 1180 3638 condidit.

154 3712 185 3767 t.
197 3712 256 3773 llio
273 3729 373 3773 sermo
391 3730 453 3773 non
466 3721 512 3774 est
523 3713 562 3773 de
572 3713 660 3774 lihris
671 3717 913 3799 protoeauoniois
924 3720 1036 3779 veteris
1046 3720 1179 3786 Foederis

123 3790 160 3865 do
177 3812 305 3876 quorum
325 3799 469 3858 canoniea
492 3800 684 3871 auctoritate,
705 3809 810 3877 utpote
832 3804 996 3863 universali
1019 3804 1178 3870 traditione

106 3872 312 3959 ,mandat
330 3900 365 3943 ae
378 3890 578 3960 protestantes
595 3902 663 3944 eunt
680 3886 836 3947 catholicis
848 3889 1044 3951 conveniunt.
1053 3890 1118 3954 Nee
1128 3884 1177 3955 hie

102 3964 131 4041 rs
211 3966 220 3982 '
252 3967 350 4032 estde
362 3967 448 4029 libris
465 3970 706 4047 protoeauoniois
717 3972 789 4032 novi
807 3972 956 4043 Foederis·,
977 3991 1051 4052 quos
1066 3979 1180 4056 pariter

104 3970 276 4149 m
288 4052 444 4119 traditioni
459 4053 592 4129 innixos,
606 4050 949 4143 deatholiei'uobiseum
959 4066 992 4121 ut
1003 4077 1075 4125 vere
1088 4080 1180 4147 cano·
