2708 4846
137 332 184 389 tet
535 333 581 383 or
600 326 804 407 aurrcnrrs

240 454 389 535 Sitit?-
397 462 775 518 mumaesaivesmsnm
784 442 1099 521 sinueioippurm
1164 478 1170 487 .

172 592 241 652 las.
256 590 320 670 obj.
334 588 364 648 l⁰
377 589 471 649 Aiunt
483 587 663 658 adversarii,
683 583 852 647 Samuelem
868 596 930 641 non
948 576 1096 638 dictmrmr
1109 572 1196 637 [nise

135 678 235 739 Sauli:
251 696 267 732 u
280 676 380 753 Quare
393 674 565 751 inquietasti
577 690 637 744 me,
650 679 683 732 ut
694 666 875 733 suscitarer?
884 686 900 722 n
910 680 980 725 cum
988 661 1061 741 justi
1071 656 1199 723 deludi

134 754 338 824 {viventibus
350 759 513 837 inquietari
525 758 606 820 haud
617 757 746 838 possint,
760 772 818 815 nee
830 750 993 829 conqueri,
1010 746 1091 827 quod
1104 762 1122 809 a
1134 748 1198 809 lieo

133 848 295 929 jubeantur
309 846 483 907 viventibus
500 843 613 923 aliquid
630 841 830 903 manifestare.
1065 844 1071 855 ·

171 934 203 996 2ο
223 934 255 994 Si
268 932 388 994 Samuel
401 948 475 993 vere
487 930 684 1012 apparuisset,
696 928 777 987 Deus
789 925 866 986 iacto
880 921 993 1001 insigni
1006 917 1199 983 couiirmmsot

134 1037 294 1084 erroneam
307 1017 398 1079 fidem
412 1017 588 1078 Judaeorum
599 1016 631 1076 in
643 1016 763 1092 Magos,
776 1029 866 1090 quam
883 1017 985 1070 tamen
996 1008 1067 1089 lege
1078 1006 1196 1069 mosaica

135 1115 264 1169 mortem
276 1106 309 1165 in
326 1107 429 1183 Magos
444 1110 593 1165 statuente
612 1100 767 1162 eradicare
785 1097 967 1158 intenderat.
1175 1150 1180 1163 ,

172 1195 203 1254 3⁰
220 1193 252 1254 Si
272 1195 352 1253 Deus
373 1191 455 1251 Sauli
476 1207 650 1270 responsum
669 1187 741 1249 dare
760 1186 918 1255 voluisset,
938 1182 984 1242 illi
1005 1179 1193 1263 respondisset

136 1279 255 1361 qimudo
274 1279 372 1358 ipsum
392 1276 482 1336 modo
500 1276 638 1355 legitimo
651 1271 883 1354 pcr'propbetas
900 1275 932 1329 et
949 1267 1121 1330 sacerdotes
1132 1282 1193 1329 cott-

136 1366 281 1436 sulucrat',
296 1381 358 1424 non
370 1379 443 1422 vero
460 1360 578 1439 quando
591 1360 677 1420 illum
689 1358 779 1418 modo
792 1357 900 1416 illicito
913 1353 1099 1415 consulebat.

172 1453 204 1512 Ψ
215 1455 280 1513 Deo
292 1450 477 1511 sanctissimo
490 1447 649 1526 indignum
661 1452 718 1516 est,
731 1451 764 1505 ut
775 1444 874 1503 mittat
886 1449 1002 1502 tantum
1014 1441 1191 1522 prophetata,

136 1546 263 1620 quantus
275 1536 394 1598 Samuel
406 1542 486 1606 erat,
504 1533 537 1593 iu
551 1533 674 1593 domum
689 1531 791 1610 impiae
807 1528 994 1607 Pythonissae
1011 1525 1191 1607 deceptricis,

137 1635 170 1690 ct
186 1625 309 1705 quidem
326 1641 363 1685 co
381 1632 534 1703 tempore,
557 1638 615 1699 quo
629 1620 681 1680 illa
697 1618 803 1699 impias
818 1633 886 1678 suas
903 1614 1124 1677 incantationes
1137 1626 1192 1695 pet·

137 1730 154 1774 a
176 1713 274 1772 ebata.
376 1760 380 1771 .

154 1730 205 1858 ⁸5⁰
223 1794 343 1857 Samuel
355 1811 417 1855 non
429 1793 616 1874 appariturus
627 1790 733 1853 fuisset
746 1789 837 1852 modo
848 1803 981 1869 pagano,
993 1784 1192 1850 adscenderit

135 1894 233 1957 terra,
249 1883 341 1963 pallio
355 1888 528 1958 coopertus,
538 1887 602 1950 etc.

173 1966 371 2048 offillpparitio
378 1965 525 2026 Samuelis
532 1962 793 2026 miraculumioret
799 1962 921 2024 omniuo
928 1959 1193 2031 extraordinarium.

136 2056 222 2134 eujus
232 2053 301 2113 finis
311 2053 376 2112 Deo
388 2052 496 2129 dignus
508 2068 569 2110 non
581 2049 773 2129 perspicitur.

173 2143 289 2201 Verum
305 2135 540 2215 respondemus:

175 2228 205 2286 l⁰
219 2223 339 2288 Samuel
350 2223 466 2283 locutus
479 2231 525 2283 est
530 2223 614 2301 juxta
626 2223 710 2283 ideas
722 2221 803 2283 illius
816 2223 889 2293 aevi3
903 2228 965 2282 tum
978 2223 1062 2284 enim
1071 2222 1197 2287 credeba-

137 2319 187 2375 tur
199 2310 313 2372 animas
325 2308 532 2370 defunctorum
548 2325 604 2387 per
617 2309 835 2369 incantationes
849 2327 888 2369 cx
898 2308 1001 2387 quieta
1015 2326 1071 2371 sua
1081 2324 1198 2374 commo·

137 2397 299 2465 rationein
312 2394 553 2455 terramevoeari
569 2412 667 2474 posse.

174 2482 205 2546 2⁰
218 2482 252 2544 Si
264 2479 384 2542 Samuel
396 2479 581 2559 apparuisset
593 2479 624 2539 vi
637 2479 873 2552 incantationum
883 2478 1088 2558 Pythonissae,
1099 2480 1198 2545 fidesic

136 2587 240 2650 magos
250 2567 309 2628 hoc
324 2566 401 2627 iacto
414 2562 588 2627 confirmata
607 2564 711 2627 luisset
719 2585 728 2636 ;
741 2565 796 2626 sed
809 2566 946 2645 apparuit
954 2566 1040 2643 jussu
1056 2568 1114 2628 Dei
1128 2574 1199 2629 aute

137 2673 227 2737 quam
239 2653 418 2733 Pythonissa
429 2652 649 2714 incantationes
666 2652 853 2724 institueret,
867 2670 936 2713 cum
952 2652 1062 2713 nullibi
1079 2655 1198 2735 legatur,

139 2761 205 2808 eam
222 2741 441 2803 incantationes
458 2740 630 2819 peregisse,
650 2739 732 2800 bene
749 2757 823 2800 vero
843 2740 1004 2800 mulierem
1022 2741 1201 2822 perterritam

139 2828 309 2893 Samuelem
323 2823 450 2896 vidisse3
463 2825 593 2905 proinde
605 2826 775 2886 Samuelem
787 2832 891 2886 contra
903 2826 1092 2905 Pythonissae
1105 2844 1201 2909 expec-

140 2915 282 2978 tationem
294 2912 423 2975 venisse.
443 2913 522 2972 Num
534 2910 612 2972 forte
629 2912 696 2990 quis
706 2913 771 2972 Deo
784 2910 949 2989 abnegabit
961 2909 1136 2974 facultatem
1146 2910 1201 2973 aui·

139 3021 201 3065 mas
214 3001 419 3063 deirmctormn
432 2999 486 3060 sub
499 3000 594 3059 lomna
605 2999 720 3061 visibili
730 2998 769 3060 ad
777 2998 917 3059 viventes
929 2998 1082 3072 mittendi,
1096 3006 1131 3061 ut
1140 2998 1202 3081 ipsis

137 3108 221 3155 suum
235 3087 394 3151 consilium
405 3088 618 3149 manitestente

173 3178 204 3238 5⁰
217 3176 249 3237 Si
265 3174 334 3235 Saul
348 3173 431 3252 juxta
441 3172 629 3234 voluntatem
645 3170 765 3234 Domini
779 3172 908 3250 egisset,
921 3169 967 3230 illi
980 3172 1062 3234 Deus
1071 3188 1129 3252 per
1142 3188 1203 3253 pro·

137 3264 244 3348 phetas
258 3270 289 3323 et
301 3259 472 3321 sacerdotes
484 3260 696 3339 respondisset.
716 3262 751 3319 ln
768 3259 872 3319 Endon
888 3260 918 3319 ci
937 3258 1020 3319 aliud
1036 3274 1204 3340 responsum

139 3352 331 3426 dedit,quam
337 3344 520 3425 postulabam
529 3362 598 3406 nam
607 3348 650 3406 illi
658 3347 804 3425 tragicum
810 3343 991 3407 suumsmem
997 3346 1203 3411 manifestavit.

137 3438 218 3501 Num
230 3436 312 3580 Dleus
322 3448 384 3493 non
400 3440 446 3493 est
456 3431 536 3492 liber
547 3433 585 3494 ad
599 3432 772 3494 hominibus
785 3431 1030 3513 respondendum
1044 3434 1165 3512 quaudo
1177 3436 1205 3493 et

139 3524 193 3586 ubi
210 3540 251 3585 vu
264 3522 296 3581 tt

176 3609 206 3669 ῑιο
219 3605 408 3685 Coniecturae
424 3602 462 3665 de
475 3602 688 3667 convenientia
697 3604 747 3666 vel
759 3600 1206 3686 disconvenientia'alicujmrei

139 3693 250 3759 iactum
268 3691 405 3770 aliquod,
420 3690 457 3750 ah
474 3698 596 3752 auctore
612 3689 672 3750 lide
689 3689 781 3769 digno
800 3691 942 3762 relatum,
960 3689 1116 3753 infirmare
1131 3688 1207 3753 baud

138 3786 274 3860 possunt.
287 3779 356 3838 tam
370 3777 603 3848 observavimus,
621 3777 790 3838 Samuelem
802 3776 973 3857 apparuisse
982 3783 1145 3859 antequam
1154 3778 1209 3855 Py·

140 3865 274 3927 thonissa
286 3862 502 3924 incantationes
512 3862 693 3924 institueret.

179 3948 210 4015 t‘
223 3949 344 4024 Modus,
358 3967 417 4029 quo
430 3950 551 4011 Samuel
564 3950 717 4029 apparuit,
734 3968 795 4014 non
811 3955 906 4033 magis
919 3966 1052 4034 paganus
1064 3957 1112 4015 est
1122 3962 1208 4033 quat!
