2708 4846
492 479 680 533 transitura
695 483 896 538 adcusanti.
1198 492 1231 543 bb

145 562 329 628 observasse
339 568 503 634 videntur:
521 576 707 639 Praedixerat
719 580 750 640 id
766 581 810 641 eis
822 582 963 660 Moyses(
969 582 1042 645 ch.
1053 583 1108 654 26,
1124 583 1229 662 s'e-st)

146 645 277 709 disens:
293 668 311 707 ι(
323 650 387 711 Vos
398 660 499 713 antem
511 656 682 737 disperdam
694 660 726 720 in
737 671 878 740 gentes...
888 671 960 725 tune
969 665 1133 743 placebunt
1141 674 1229 729 terra·

146 747 165 785 a
176 729 307 793 sabbata
324 748 381 793 sua
401 737 518 799 cunctis
534 738 641 801 diebus
660 740 833 807 solitudinis
850 763 913 808 suae
932 746 1075 824 :quando
1096 747 1182 810 eritis
1195 749 1230 813 iu

146 816 259 895 nterea
270 812 610 887 nostili,·sabbatizahit
623 827 656 884 et
669 824 844 903 requiescet
855 828 890 889 in
904 829 1039 891 sabbatis
1057 830 1231 896 solitudinis

148 896 397 1039 :fflfiesoffid
407 916 470 962 non
479 902 667 980 requieverit
681 905 714 967 in
725 907 858 972 sabbatis
867 911 993 986 vestris,
1007 912 1127 990 quarmo
1138 913 1231 977 habi·

296 998 307 1037 l
384 1001 423 1039 ‚tt
1240 1017 1245 1037 '

183 1056 325 1121 Secundo
334 1078 408 1122 vero
421 1064 518 1125 Parui.
530 1065 596 1141 (st,
608 1067 707 1147 bodl)
716 1069 885 1130 habeturz«
896 1071 929 1133 Si
939 1073 1006 1151 quis
1017 1082 1155 1138 evaserat
1166 1072 1246 1158 gia-³

131 1155 134 1165 ·
147 1153 165 1195 r
176 1138 263 1203 diurn
274 1141 384 1205 ductus
392 1152 439 1205 est
448 1145 481 1206 in
489 1147 687 1225 Babylonem,
699 1153 826 1212 servivit
835 1154 901 1232 regi
914 1162 946 1215 et
959 1154 1030 1217 filiis
1044 1155 1117 1234 ejus,
1129 1158 1228 1225 donec

143 1241 162 1279 r
171 1223 341 1305 imperaret
354 1242 410 1287 rex
421 1228 588 1291 Persarum.
602 1232 647 1292 Ut
657 1232 860 1313 compleretur
871 1252 970 1296 senno
984 1239 1106 1299 Domini
1120 1256 1158 1300 cr
1174 1258 1228 1306 ore

141 1325 160 1361 a
169 1306 335 1381 Jeremiae,
350 1315 383 1369 et
399 1309 568 1373 celebraret
579 1319 660 1376 terra
671 1315 797 1377 sabbata
807 1334 880 1377 sua:
894 1321 1011 1381 cunctis
1023 1321 1106 1381 eninr
1119 1323 1228 1389 dicbus

140 1388 372 1453 »desolationis
390 1392 456 1470 egit
474 1394 649 1468 sabbatum,
670 1414 765 1475 usque
786 1398 858 1459 dum
870 1401 1096 1480 complerentur
1106 1412 1228 1484 septua-

141 1492 159 1527 a
171 1472 259 1551 puta
274 1475 389 1535 anni.»
406 1477 463 1537 Ast
480 1484 549 1556 post
560 1479 768 1558 captivitatem
783 1481 1009 1560 babylonicam,
1030 1485 1131 1548 Judaei
1146 1488 1227 1555 hanc

139 1558 262 1641 legem,
274 1567 352 1625 utet
370 1561 462 1632 alias,
472 1569 552 1626 teste
562 1565 609 1626 Fl.
621 1566 773 1648 Josepbo,
784 1568 957 1649 religiosius
970 1571 1185 1638 observarant..

421 1707 534 1776 sxxlll.
545 1736 576 1751 -
585 1713 623 1764 lte
633 1713 696 1766 cibis
703 1716 791 1768 vetitis
800 1716 950 1769 iudaeorum·

177 1833 229 1889 ss.
243 1830 314 1913 Obj.
328 1834 459 1895 Levitici
472 1837 554 1915 (cap.
564 1838 615 1914 2),
629 1839 715 1898 aiunt
726 1840 860 1911 Deistae,
870 1841 1003 1902 occurrit
1013 1840 1167 1907 distinctio
1177 1837 1224 1909 iri·

140 1920 193 1975 ter
206 1915 468 1976 medemena
478 1936 513 1977 uc
525 1920 684 1977 imecurtda.
698 1920 823 1979 Hebraei
841 1922 1003 1983 comedere
1023 1925 1224 2002 prohibentur

144 1996 285 2057 animalia
297 1998 424 2076 optima.
436 2000 486 2059 An
495 1998 555 2061 hoc
565 2016 627 2073 non
641 2007 687 2061 est
703 2000 883 2062 ridiculum?

179 2080 1220 2165 Ileap.Nullaextatnatio,cuicertaanimalianonsintabomlnation13

129 2161 405 2241 annirunigitur
415 2162 448 2225 ld
463 2171 495 2224 et
505 2163 586 2243 apud
597 2164 722 2227 Judaeos
732 2165 920 2227 obtinuisse?
931 2167 1093 2229 Distinctio
1105 2171 1221 2234 anima-

137 2244 214 2305 lium
220 2242 406 2307 rnundormn
413 2261 449 2306 ac
458 2245 680 2307 immundorum
689 2246 769 2326 apud
776 2247 989 2326 HehraeosJ'am
997 2256 1067 2311 ante
1073 2249 1222 2316 diluvimn

135 2335 210 2389 nota
219 2326 388 2406 luit(Gen.
402 2327 437 2400 2,
449 2328 467 2387 7
479 2329 503 2404 ).
513 2330 635 2406 Moyses
649 2347 724 2392 voro
736 2346 803 2411 earn
813 2329 882 2409 lege
895 2332 1025 2410 positiva
1033 2349 1068 2393 ac
1079 2333 1222 2413 religiosa

135 2412 303 2473 sanxitEx
312 2409 371 2471 hac
382 2427 456 2471 vcro
466 2411 580 2488 Moysis
588 2412 658 2491 lego
667 2412 706 2472 de
718 2411 840 2473 delectu
849 2412 1148 2485 ciborum,smumam
1157 2417 1222 2497 ejus

134 2490 322 2573 sapientiam
340 2492 472 2552 maxime
490 2494 696 2554 commendari
708 2492 890 2555 videbimus.
908 2496 979 2558 Cibi
995 2495 1112 2557 Judaeis
1131 2502 1221 2563 vetiti

135 2575 190 2635 alii
202 2579 294 2635 erant
303 2572 466 2645 immundi,
479 2591 534 2634 seu
546 2574 679 2648 sordidi,
694 2573 746 2638 vel
761 2575 837 2638 tales
849 2577 1065 2638 censebanturr
1078 2577 1132 2641 alii
1144 2599 1219 2645 vero

135 2656 226 2719 altari
235 2654 407 2717 consecrati
417 2662 514 2717 erant.

171 2737 289 2803 verbi
300 2735 446 2795 immund
460 2742 546 2797 erant
567 2734 710 2797 animalia
724 2735 842 2814 impura
852 2734 934 2798 dicta
946 2736 1219 2821 t-Quadrupedia

136 2822 256 2891 amaria,
265 2815 459 2897 quaevelnon
469 2815 688 2888 ruminant,ch
699 2817 825 2896 ungulas
835 2819 996 2897 nonplene
1006 2816 1219 2899 fissashabent,¹

136 2902 320 2965 nominatim
338 2898 463 2971 cameli,
483 2900 619 2979 lepores,
640 2916 724 2970 sues,
744 2917 861 2972 mures,
879 2907 938 2983 cte.
954 2933 988 2945 -
1004 2902 1169 2982 Serpentes
1184 2923 1219 2971 ac

135 2990 256 3051 insecta
271 2985 425 3066 reptantia
443 2985 582 3062 (locustis
599 2985 751 3063 exceptis)
766 3003 833 3063 quae
849 2994 961 3064 praeter
972 2987 1033 3048 alas
1046 2996 1078 3049 ot
1094 2997 1221 3067 quatuor

138 3068 237 3149 pedes
248 3068 395 3131 instructa
411 3083 475 3128 non
494 3072 565 3128 sunt
585 3065 704 3126 duobus
722 3067 912 3144 longioribus
934 3069 1087 3140 cruribus,
1109 3073 1219 3148 quibus

140 3152 412 3218 saliunt-variae
423 3153 541 3233 species
550 3151 721 3223 volucrum,
733 3157 767 3210 ut
779 3151 903 3229 aquilae,
916 3152 1012 3221 corvi,
1023 3159 1082 3212 etc.
1096 3155 1219 3219 Illorum

137 3239 373 3304 antennomina
384 3240 418 3300 in
429 3238 554 3301 hebraeo
566 3237 695 3299 obscura
704 3242 785 3298 sunt.
795 3236 951 3307 -Pisces‚
963 3235 1015 3312 qui
1025 3236 1159 3314 pinnulis
1168 3244 1217 3303 vel

137 3327 269 3409 squamis
280 3342 345 3389 non
356 3324 501 3406 gaudent.
513 3357 546 3370 -
558 3322 733 3385 immundus
747 3328 813 3385 erat
823 3322 922 3384 omnis
937 3322 1024 3384 cibus
1035 3322 1069 3383 in
1083 3340 1170 3397 vase,
1183 3344 1218 3390 ac

138 3428 330 3493 centenaque
339 3411 557 3485 brunelactmn,
569 3411 603 3472 in
614 3410 696 3489 quod
706 3418 858 3471 mortuum
871 3409 1021 3470 insertum
1031 3409 1219 3475 immundum

137 3498 391 3579 cecidmtttev.
406 3499 458 3572 ll,
469 3498 705 3576 lidi-Cibus
718 3513 753 3559 ac
762 3502 851 3577 potus
860 3497 894 3557 in
905 3512 976 3558 vase
987 3514 1049 3559 non
1057 3503 1217 3576 cooperto,

136 3586 172 3647 in
194 3583 263 3649 lodo
277 3581 440 3647 morientis
455 3585 505 3647 vel
520 3584 631 3647 mortui
651 3590 774 3645 extante
787 3583 890 3658 (Num.
909 3581 959 3656 ld,
973 3582 1009 3643 lli
1021 3582 1043 3658 ).
1060 3613 1093 3627 -
1108 3581 1218 3645 Omnia

136 3686 206 3751 quas
220 3670 314 3735 idolis
329 3678 506 3733 consecrata
520 3672 640 3733 fuerant
653 3669 764 3750 (Exod.
778 3670 831 3741 5¹4,
845 3669 908 3746 lt).
923 3701 954 3713 -
966 3667 1079 3728 Haedus
1093 3668 1124 3727 in
1139 3667 1218 3731 lacte

136 3757 238 3822 mamb
248 3764 360 3823 coctus
376 3757 488 3836 (mou.
501 3757 555 3830 25,
567 3758 595 3819 9.
611 3756 664 3829 dl,
683 3755 731 3817 26.
747 3756 838 3817 Deut.
851 3755 902 3828 ll,
916 3753 949 3815 il
961 3754 983 3830 ).
1001 3751 1090 3812 Haud
1104 3752 1217 3832 liquet,

135 3848 232 3913 dm
245 3846 377 3925 Moyses
389 3860 447 3924 per
462 3843 522 3907 hoc
536 3845 668 3924 aliquam
683 3841 930 3922 superstitionem
940 3837 1105 3919 prohibere
1116 3837 1219 3901 inten-

80 3930 86 4049 Ι
134 3924 262 4009 Unel
275 3940 386 3995 utrum
395 3931 656 3994 mansuetudinem
669 3945 740 4010 erga
753 3927 893 3989 animalia
906 3923 1053 3993 inculcet,
1065 3928 1117 3983 ant
1128 3923 1224 4003 buty-¹

80 4054 87 4081 .·
134 4020 241 4085 min
250 4016 405 4084 carnibus
417 4017 551 4079 assandis
565 4016 726 4097 reprobet,
739 4022 773 4075 ut
782 4012 913 4074 ludaeos
924 4007 963 4068 ad
979 4007 1121 4069 colendas
1135 4009 1218 4070 oleas

80 4090 93 4195 't
135 4098 249 4175 m
267 4103 380 4173 iudaei
393 4104 537 4171 continua
551 4104 639 4185 praxi
655 4102 717 4171 troc
733 4100 873 4167 uanum
891 4093 1216 4175 probabilereddids·
