2708 4846
148 460 180 512 su
406 416 415 433 ’
551 455 822 507 nrnrvmrrnrs

147 552 264 617 nemini
274 557 401 625 nocent,
415 551 483 613 aliis
506 558 607 612 autem
619 559 757 630 prosunt,
768 551 854 612 licita
869 553 970 612 essent
983 562 1083 610 necne
1094 566 1101 608 :
1113 549 1229 632 Magna

148 640 289 720 quaestio,
302 638 404 700 aiebat
415 638 445 699 S.
459 638 643 717 Augustinus
652 636 870 714 dehujnsmodi
879 634 1059 707 mendaciis,
1071 637 1229 701 latebrosa

147 726 302 796 tractatio,
315 725 477 804 disputatio
495 724 577 785 inter
596 722 702 786 doctos
720 722 872 784 alternans
891 722 911 782 ¹.
934 723 1028 781 Immo
1051 723 1102 799 (in
1121 725 1226 786 Lavit.

148 809 532 889 abendonensem:
546 810 581 870 dc
591 809 741 870 mendacio
748 826 818 888 pete
829 809 1092 880 omnibusvidctur,
1112 811 1224 891 inquit,

148 896 226 974 quod
241 895 292 957 ubi
301 913 382 957 anuo
398 895 529 966 luditur,
540 913 596 974 pro
609 894 702 957 salute
716 893 907 954 mentimuium
919 900 970 953 cst.

116 987 120 997 '
187 1013 218 1026 -
229 982 306 1047 Cum
317 981 433 1062 percipi
445 999 505 1043 non
519 979 770 1058 possitquomodo
785 979 926 1058 AEgyptii
935 996 983 1041 res
995 979 1226 1062 istaspretiosas

147 1063 262 1128 Judaeis
275 1075 378 1128 mutuo
393 1067 549 1138 dederint,
571 1065 749 1144 comprobo
764 1065 879 1125 scirent
894 1064 976 1137 illos,
997 1082 1066 1126 cum
1082 1069 1223 1144 senibus,
1237 1090 1241 1098 ·

146 1150 314 1226 infantulis,
329 1152 635 1232 eteproficiscentes,
651 1168 713 1212 non
722 1150 849 1229 amplius
861 1167 1035 1213 reversuros
1046 1169 1128 1226 esse,
1141 1154 1224 1220 haud

145 1238 224 1299 male
231 1240 418 1302 recentiores
426 1241 568 1319 Exegetae
575 1236 713 1298 nonnulli
723 1237 905 1309 existimant,
916 1237 1062 1299 Hebraeos
1071 1239 1164 1302 hasce
1174 1261 1223 1305 res

145 1325 292 1402 pretiosas
301 1326 425 1402 petiisse
438 1333 470 1386 ut
480 1325 611 1403 pretimn
620 1340 673 1401 pro
686 1322 778 1382 rebus
791 1339 864 1399 quas
875 1322 1098 1400 relinquebant.
1108 1328 1177 1403 Qua
1188 1331 1222 1391 in

141 1406 296 1474 'sententia
311 1412 422 1489 (Exod.
437 1412 484 1483 ll,
498 1410 552 1486 56)
563 1409 691 1471 verbum
704 1407 831 1488 spoliare
844 1410 960 1485 tropice
973 1410 1146 1473 adhibitum
1163 1424 1218 1477 est

146 1497 504 1575 Sedponamusllebraeos
513 1496 604 1558 hasce
610 1511 660 1556 res
669 1494 1008 1572 pretiosassolummodo
1018 1505 1122 1559 mutuo
1131 1517 1217 1564 acce-

144 1583 236 1663 pisse,
247 1582 445 1663 illasproindc
455 1582 544 1642 iurati
554 1598 616 1642 non
624 1587 702 1652 sunt,
714 1587 745 1642 et
753 1597 821 1641 cum
829 1580 1048 1659 illaspetierint
1055 1584 1142 1662 jussu
1149 1589 1217 1659 Dei,

145 1669 198 1749 quai
209 1669 324 1731 sciebat
336 1686 389 1731 eos
405 1669 488 1730 haud
510 1685 699 1738 reversuros,
712 1667 791 1746 ipsas
808 1667 945 1745 legitime
959 1675 1136 1746 tenuerunt,
1153 1676 1218 1736 Deo

140 1748 247 1818 'rerum
263 1756 397 1817 omnium
416 1770 554 1835 supremo
574 1755 719 1825 Domino,
739 1754 801 1815 illis
817 1754 907 1814 hasce
925 1771 973 1815 res
993 1759 1141 1832 pretiosas
1163 1762 1219 1822 do-

142 1849 249 1915 nante,
271 1843 304 1904 in
325 1843 436 1921 justam
453 1840 729 1922 compensationem
749 1846 795 1901 tot
815 1840 978 1913 malorum,
992 1860 1060 1920 quae
1081 1849 1218 1928 perpessi

144 1936 240 1988 erant.

180 2014 378 2074 Recentiores
387 2012 528 2089 equidem
535 2009 623 2071 multi
631 2010 810 2083 delendunt,
821 2012 967 2074 Hebraeos
976 2013 1064 2076 titulo
1074 2034 1217 2100 compen·

142 2097 268 2159 sationis
279 2104 311 2158 et
321 2096 549 2176 permutationis
560 2098 697 2173 praelatas
705 2112 755 2156 res
763 2096 948 2173 possedisse,
962 2116 999 2160 co
1012 2102 1093 2178 quod
1105 2115 1217 2183 praeter

144 2189 255 2244 terram
269 2182 385 2243 Gessen
396 2180 489 2241 multa
500 2181 656 2259 AEgyptiis
664 2181 880 2259 relinquerent.
893 2184 949 2245 Ast
959 2203 1032 2245 num
1048 2185 1099 2250 bic
1111 2192 1216 2255 titulus

142 2268 270 2345 praecise
283 2266 411 2327 cadebat
429 2267 463 2326 in
479 2265 548 2328 illos
564 2266 740 2345 AEgyptios,
762 2268 801 2330 ad
814 2286 888 2348 quos
911 2272 1087 2352 spectabant
1107 2294 1157 2340 rcs
1176 2279 1213 2341 ab

143 2352 281 2416 Hebraeis
289 2350 449 2416 mduccaet

502 2473 580 2544 Silii.
591 2477 848 2540 -Delegctalionls

179 2589 231 2646 tt.
241 2586 306 2669 obj.
318 2584 432 2665 (Exodi
442 2584 494 2659 ll,
505 2585 607 2662 2223)
619 2588 739 2665 Moyses
750 2587 934 2667 praescribit,
947 2589 1017 2671 lege
1030 2592 1148 2659 talionis
1159 2615 1214 2680 par

141 2676 207 2755 pari
214 2673 512 2738 essereterenduunt«
518 2673 649 2746 Reddet,
658 2674 765 2753 inquit,
773 2675 902 2737 animam
908 2694 962 2756 pro
974 2678 1084 2753 anima,
1093 2686 1213 2750 oculum

142 2778 224 2841 upro
236 2760 338 2831 oculo,
356 2760 479 2820 dentem
496 2776 551 2839 pro
569 2759 679 2831 dente,
697 2777 818 2822 manum
833 2780 888 2840 pro
905 2778 1019 2837 manua
1027 2767 1142 2845 pedem
1158 2790 1211 2852 pro

141 2847 264 2925 »pede',
277 2845 464 2907 adustionem
478 2862 532 2924 pro
548 2843 720 2917 adustione,
736 2846 844 2909 vulnus
858 2866 912 2927 pro
929 2850 1070 2925 vulnere,
1083 2855 1213 2921 livorem

141 2949 223 3013 »pro
238 2932 377 2991 livore.»
394 2931 458 2990 Lex
482 2931 550 3002 ista,
568 2930 652 2994 aiunt
663 2933 829 3006 lucrcduli,
852 2941 898 2997 cst
919 2935 1064 3012 barbara,
1085 2941 1209 3023 injusta,

139 3021 285 3081 indecens
295 3033 331 3078 ac
343 3016 516 3097 immoralis.
982 3013 986 3024 ⁸

175 3104 367 3184 sospesne
384 3103 442 3165 ista
459 3105 492 3165 in
507 3105 708 3186 premeditato
723 3108 916 3171 membrorum
929 3109 1082 3174 uiolatione
1098 3116 1210 3180 solmn-

137 3192 228 3255 modo
240 3192 340 3252 locum
351 3191 499 3264 babebat,
517 3200 550 3254 et
565 3194 685 3255 nonnisi
698 3194 730 3254 in
743 3194 858 3273 judicio
874 3198 1041 3276 infligenda
1052 3209 1135 3276 erat,
1151 3206 1209 3267 nisi

137 3296 208 3341 reus
218 3279 431 3354 deprecatione
444 3286 476 3340 et
487 3281 616 3357 pecunia
626 3280 738 3342 otlenso
749 3282 951 3345 satisfecisset.
960 3286 1100 3348 Testatur
1108 3298 1209 3353 autem

137 3365 184 3426 Fl.
196 3362 361 3441 dosephus‚
376 3362 500 3424 Judaeos
516 3365 637 3426 eliensis
648 3364 707 3425 boc
717 3366 807 3427 modo
823 3369 999 3447 plemmque
1012 3372 1207 3452 satisfecisse,

41 3511 45 3521 ,
137 3455 264 3529 excepto
273 3449 306 3508 in
318 3463 390 3509 casu
396 3448 552 3511 homicidii
564 3451 603 3511 ob
615 3452 715 3531 legem
722 3453 835 3532 Moysis
846 3457 949 3533 (Dcut.
961 3457 1091 3529 555th
1102 3461 1125 3537 ).
1140 3464 1208 3528 Jam

137 3545 208 3599 ante
223 3536 349 3614 Moysen
364 3533 431 3596 haec
444 3552 533 3614 poena
546 3538 579 3597 in
597 3555 653 3598 usu
665 3538 756 3599 tuisse
778 3542 909 3603 uidctm.
927 3542 1048 3606 Grecos
1070 3554 1210 3614 eamdem

137 3622 238 3702 legem
247 3619 389 3682 babuisse
403 3636 440 3680 ex
451 3622 515 3682 vita
530 3623 649 3685 Solonis
666 3624 746 3702 apud
760 3627 929 3707 Diogenem
943 3629 1097 3692 Laertimn
1113 3645 1207 3713 patet.

136 3707 265 3769 Romani
277 3705 360 3767 illam
371 3707 497 3786 septima
510 3709 612 3771 tabula
629 3710 797 3773 retulerunt
810 3733 818 3772 :
830 3714 865 3775 Si
874 3717 1033 3776 nicandrum
1047 3720 1160 3798 nupsit,
1176 3723 1209 3780 ui

138 3797 362 3877 caemcopareit,
375 3796 446 3858 tutio
455 3807 528 3870 esto,
542 3817 577 3861 au
590 3799 758 3863 diutissime
768 3805 974 3867 observarunt.
985 3809 1110 3870 Interim
1119 3824 1207 3889 poena

135 3880 196 3942 ista
206 3891 270 3943 erat
282 3883 452 3946 necessaria
462 3884 501 3946 ad
512 3886 715 3965 potentiorum
725 3889 808 3950 illius
819 3891 877 3950 aevi
887 3892 1099 3968 insolentiam,
1110 3913 1148 3959 ac
1160 3898 1208 3960 in·

122 3965 281 4030 'seriorum
301 3969 500 4033 rebellionem
526 3973 764 4052 reprimendam,
785 3973 989 4042 efficacissima
1008 3979 1047 4041 ad
1067 3980 1207 4046 homines

167 4087 241 4143 ¹lib.
253 4090 283 4144 de
293 4096 403 4146 mendac.
415 4109 437 4147 c.
449 4099 473 4146 t.
