2708 4846
470 429 746 480 nsnnnssumn
761 433 885 482 SACRAE.
1173 427 1217 484 ihi

134 512 178 567 De
189 512 300 566 Actibus
311 509 518 582 Apostolorum.
533 545 565 557 -
576 515 699 572 CXCIII.
716 516 843 586 Auctor,
854 519 968 572 occasio
982 518 1126 590 proxima,

172 593 271 668 lingua
282 602 313 647 et
323 601 389 648 setes
405 594 533 650 Actuum
544 596 765 670 Apostolorum.
774 597 867 652 Inous
878 613 980 652 eornm
994 599 1130 670 scriptio-

171 676 217 728 nis
221 713 1128 737 ...............................
1166 677 1203 732 ³0

134 755 259 822 CXCIV.
280 758 491 827 Argumentum
504 765 534 811 et
554 773 660 829 scopus
672 757 804 812 Actunm
819 757 1038 831 Apostolorum.
1059 799 1067 816 .
1088 797 1096 814 .
1118 799 1126 816 .
1154 674 1221 818 toti

134 836 178 894 De
196 836 326 903 Epistolis
342 835 384 888 D.
402 837 497 891 Pauli.
514 865 546 879 ·-
561 835 672 895 CXCV.
687 838 793 892 Paulus
795 875 1128 897 ............
1165 837 1223 896 305

134 915 260 972 CXCVI.
271 915 313 970 De
327 917 466 987 Epistolis
482 918 518 975 D.
528 919 610 973 Pauli
621 920 781 992 generatim
783 956 1121 980 ............
1154 919 1221 977 titt.

135 997 271 1056 cxcvii.
287 998 385 1068 stylus
395 999 431 1054 D.
445 1000 525 1054 Pauli
530 1034 1130 1059 .....................
1166 1000 1223 1056 306

135 1079 180 1136 De
191 1080 362 1146 Eps'stoloB.
376 1081 461 1134 Pauli
478 1082 607 1149 Apostoli
616 1085 655 1134 od
666 1081 821 1136 Romanos.
832 1109 864 1124 -
875 1076 1025 1136 CXCVIII.
1038 1081 1131 1135 Locus

174 1160 358 1231 scriptionis,
373 1168 437 1213 setas
447 1169 476 1213 et
488 1161 584 1234 lingua
602 1160 736 1232 Epistola
746 1161 782 1215 ad
796 1161 941 1214 Romanos
944 1196 1129 1218 .......
1166 1158 1221 1229 307

138 1240 261 1309 CXCIX.
282 1240 405 1294 Occasio
418 1241 550 1312 proxima
562 1241 697 1311 Epistola
711 1241 747 1295 ad
766 1241 910 1296 Romanos
912 1279 1127 1298 ........
1155 1238 1221 1295 ibid.

138 1320 196 1378 CC.
210 1323 418 1392 Argumentum
428 1330 457 1374 ct
470 1339 575 1392 scopus
585 1320 674 1390 hujus
686 1321 822 1394 Epistola
823 1359 1129 1379 ...........
1156 1318 1229 1372 ibid..

138 1400 182 1460 Dc
194 1405 214 1455 1
223 1403 349 1471 Epistola
364 1403 399 1456 B.
420 1403 506 1455 Pauli
523 1404 651 1470 Apostoli
664 1404 704 1454 ad
722 1400 888 1458 Corinthios.
905 1430 938 1442 -
953 1396 1024 1454 CCI.
1041 1400 1134 1454 loom

176 1483 359 1554 scriptionis,
372 1483 484 1554 lingua,
502 1491 567 1545 aetas
583 1491 612 1538 et
626 1482 739 1538 occasio
752 1482 882 1553 proxima
897 1481 911 1534 I
923 1481 1014 1553 Epist.
1028 1479 1065 1534 ad
1077 1477 1132 1534 Co·

179 1564 303 1615 rinthios
308 1602 520 1619 ........
528 1615 531 1621 ,
541 1599 1130 1620 ....................
1168 1559 1221 1628 307

142 1643 223 1700 CCII.
236 1645 445 1716 Argumentum
458 1651 487 1696 et
499 1658 604 1714 scopus
616 1644 629 1696 1
641 1643 774 1713 Epistola
786 1643 821 1695 ad
836 1641 1006 1695 Corinthios
1009 1681 1130 1698 .....
1169 1640 1229 1710 309.

140 1726 184 1781 De
195 1725 231 1778 II
239 1725 366 1794 Epistola
377 1722 411 1775 B.
424 1724 510 1778 Ponti
518 1725 643 1792 Apostoli
652 1726 691 1775 od
708 1722 875 1776 Corinthios.
891 1751 923 1762 -
935 1719 1027 1776 cent.
1040 1722 1133 1774 Locus

178 1805 361 1877 scriptionis,
375 1805 490 1876 lingua,
507 1813 574 1857 setas
590 1813 619 1856 et
632 1804 745 1857 occasio
759 1803 892 1874 proxima
902 1803 929 1857 II
946 1801 1082 1874 Epistola
1098 1800 1135 1855 aci

179 1886 358 1953 Corinthios,
382 1923 1129 1947 ..........................
1169 1884 1224 1937 310

142 1967 240 2026 CCIV,
259 1969 470 2037 Argumentum
484 1977 512 2024 et
528 1982 634 2037 scopus
648 1965 735 2034 hujus
749 1963 883 2037 Epistola
886 2002 1128 2022 .........
1158 1965 1226 2019 ibid.-

142 2051 185 2106 Ds
192 2052 319 2116 Epistola
328 2050 363 2102 Β.
376 2049 461 2101 Pauli
470 2048 595 2117 Apostoli
602 2051 642 2100 ad
654 2046 786 2100 Galatas.
796 2075 828 2087 -
840 2045 924 2101 CCV.
934 2045 1027 2098 Locus
1037 2044 1134 2116 scrip·

180 2131 283 2199 tionis,
297 2130 393 2202 lingua
403 2168 412 2196 ,
424 2139 490 2183 estas
502 2138 531 2181 et
545 2130 657 2182 occasio
671 2128 796 2190 proxima
809 2127 944 2197 Epistola
958 2124 994 2178 all
1008 2124 1131 2178 Galatas.
1170 2140 1223 2178 ,ιιι

143 2205 240 2267 CCVI.
258 2212 467 2282 Argumentum
481 2219 510 2262 et
527 2226 631 2280 scopus
644 2208 733 2276 huius
749 2208 882 2280 Epistola
885 2245 1134 2265 .........
1160 2205 1224 2260 ibid.

142 2293 359 2361 DcEpistolaB.
369 2293 454 2346 Pauli
459 2292 587 2359 Apostoli
593 2293 632 2342 ad
641 2287 932 2358 Ephesios-CCVII.
945 2289 1038 2341 Locus
1046 2287 1138 2358 scrip·

179 2373 278 2441 tionis,
292 2373 406 2441 lingua,
417 2382 482 2426 setas
493 2382 521 2425 ct
531 2371 645 2424 occasio
659 2371 787 2442 proxima
797 2369 932 2441 Epistola
939 2367 976 2425 acl
986 2366 1134 2438 Ephesios.
1173 2364 1229 2422 312

144 2453 266 2510 CCVIII.
286 2454 497 2525 Argumentum
516 2463 544 2507 et
559 2470 663 2524 scopus
680 2452 769 2521 hujus
786 2450 919 2523 Epistola
922 2488 1134 2508 ........
1171 2447 1230 2504 31³

144 2536 186 2588 De
195 2536 322 2603 Epistola
339 2536 374 2588 B.
390 2535 476 2588 Pauli
490 2534 617 2600 Apostoli
633 2536 673 2583 ad
683 2534 878 2599 Philippenses.
894 2560 924 2571 —
938 2529 1033 2587 CCIX.
1044 2532 1136 2584 Locus

182 2617 365 2681 scriptionis,
376 2613 488 2682 lingua,
499 2622 565 2663 setas
574 2619 602 2663 et
612 2611 723 2664 occasio
735 2611 865 2681 proxima
875 2611 1011 2686 Epistola
1022 2609 1058 2663 ad
1069 2610 1138 2663 Phi-

183 2690 336 2761 lippcnscs.
365 2730 372 2745 .
402 2729 409 2743 .
435 2729 443 2746 .
466 2730 474 2747 .
496 2729 512 2753 ,Ι
526 2729 1134 2746 .......................
1161 2692 1228 2748 ibid.

148 2771 229 2828 CCX.
250 2772 457 2838 Argumentum
471 2779 501 2822 et
516 2785 621 2840 scopus
636 2769 724 2839 hujus
741 2770 885 2840 Epistola.
914 2812 922 2826 .
952 2808 1137 2829 .......
1174 2767 1232 2845 3ιᾷ

149 2854 191 2907 Dc
199 2853 324 2920 Epistola
334 2852 368 2915 B.
381 2851 465 2915 Pauli
474 2854 513 2902 od
522 2851 738 2905 Colossensm.—
745 2850 841 2908 CCXI.
856 2852 948 2906 Locus
958 2853 1137 2923 scriptionis,

185 2933 298 3002 lingua,
316 2941 381 2985 selas
398 2941 427 2984 et
439 2931 551 2985 occasio
568 2933 699 3002 proxima
717 2932 810 3005 Epist.
832 2933 868 2987 ad
889 2933 1079 2992 Colossenses.
1100 2976 1108 2991 .
1129 2973 1137 2990 .
1163 2935 1229 2993 ibid.

148 3012 257 3069 CCXII.
271 3017 481 3084 Argumentum
495 3021 523 3065 ct
539 3028 643 3083 scopus
657 3011 745 3081 hujus
758 3013 892 3083 Epistola
894 3053 1138 3074 .........
1163 3017 1233 3071 ibid.

148 3096 191 3150 De
200 3095 219 3146 Ι
226 3095 352 3160 Epistola
363 3094 398 3146 B.
410 3094 495 3145 Pauli
505 3092 630 3158 Apostoli
643 3096 681 3144 od
697 3093 1001 3148 thessalonicenses-
1015 3090 1150 3154 CCXIII.

185 3176 277 3229 Locus
294 3173 483 3246 scriptionis,
503 3172 618 3245 lingua,
632 3182 697 3227 ctas
716 3182 745 3226 et
755 3174 868 3228 occasio
881 3175 1034 3245 proximal
1048 3175 1136 3247 Epist.

185 3257 221 3310 ad
238 3256 513 3310 Thessalonicenses.
541 3294 1137 3316 .....................
1176 3257 1235 3314 315

150 3335 271 3392 CCXIV.
296 3341 505 3407 Argumentum
528 3345 557 3388 el
578 3353 683 3406 scopus
705 3336 794 3405 hujus
815 3338 949 3409 Epistola
952 3377 1137 3398 .......
1164 3340 1235 3394 osu.

150 3421 192 3472 De
204 3419 239 3471 II
250 3419 377 3486 Epistola
388 3417 424 3470 B.
436 3418 521 3470 Ponli
529 3419 656 3485 Apostoli
662 3421 702 3469 ort
712 3418 971 3471 Thessalonicenses.
986 3447 1018 3459 -
1028 3416 1137 3474 CCXV.

186 3501 278 3554 Locus
291 3499 474 3569 scriptionis,
488 3500 600 3569 lingua,
615 3508 679 3553 aetas
691 3509 720 3551 et
732 3500 845 3554 occasio
862 3499 992 3570 proxima
1007 3500 1035 3553 Il
1047 3501 1139 3572 Epist.

187 3579 221 3631 ad
235 3578 499 3634 Thessalonicenses
502 3619 1142 3642 ......................
1177 3581 1235 3637 3·ιὸ

151 3658 272 3716 CCXVI.
289 3655 497 3728 Argumentum
517 3670 545 3711 et
559 3677 662 3732 scopus
676 3661 763 3730 hujus
778 3661 914 3733 Epistola
917 3700 1135 3722 ........
1165 3667 1233 3724 tlte.

152 3741 194 3795 Dc
214 3741 234 3791 l
253 3741 380 3808 Ept'slola
397 3739 433 3793 B.
456 3740 541 3792 Ponti
558 3741 684 3808 Apostoli
703 3745 743 3794 od
760 3742 943 3799 Timotheum.
957 3773 989 3787 -
1005 3744 1140 3800 CCXVII.

188 3821 359 3887 Timotheus
362 3860 1139 3886 ...........................
1178 3828 1234 3902 3ιο

153 3899 300 3960 CCXVIII.
317 3902 409 3978 Locus
422 3903 607 3973 scriptionis,
623 3902 827 3974 ling1m,sstas,
844 3906 957 3959 occasio
971 3910 1099 3980 proxima
1115 3920 1143 3963 ct

189 4000 294 4053 scopus
307 3983 319 4036 I
333 3982 468 4054 Epistola
478 3981 513 4041 ad
526 3983 721 4040 Timotheum.
750 4025 1140 4051 ..............
1167 3993 1238 4051 ibs'rl‘.

154 4062 277 4121 CCXIX.
291 4063 504 4147 'Argumentum
518 4063 604 4154 hujus
618 4065 751 4138 Epistola
755 4107 907 4126 ......
951 4147 958 4155 .
957 4108 1141 4135 ......
1142 4075 1236 4149 .-tosa
