2708 4846
478 451 664 502 atsho'atta
683 453 881 504 srcaoudst.
1173 455 1221 504 m

169 543 375 610 Oooasionem
387 541 459 605 huic
469 544 613 624 Epistulae
623 543 745 605 dedisse
756 544 900 605 videntur
910 544 1109 623 quorumdam
1117 544 1221 608 Chris·

135 632 287 694 thanorum
295 629 447 709 opinatio,
461 629 512 688 vel
523 628 797 708 pseudodoctorum
808 629 963 699 doctrina,
977 628 1131 694 Christum
1145 630 1221 709 jaur-

135 719 188 782 diu
207 715 345 780 secunda
363 714 433 776 vice
449 713 597 776 advenire
614 714 772 786 debuisse,
785 714 1084 794 Christiauourmque
1103 716 1136 778 in
1159 713 1220 779 fide

134 805 293 868 relaxatio.
335 856 344 871 ,

169 890 273 970 ere
286 893 497 967 argumentum
514 892 545 946 et
561 904 670 965 scopus
681 887 763 947 eirea
783 887 850 949 haec
866 896 1033 950 versantur.
1046 890 1153 950 Monet
1163 891 1220 951 Pe·

134 987 199 1041 trus
209 975 416 1043 Christianos,
429 979 463 1031 ut
478 972 676 1033 maximorum
688 971 906 1033 beneficiorruu
919 991 937 1034 a
949 977 1014 1035 Deo
1027 982 1220 1054 secutorum

134 1078 300 1132 memores,
318 1076 377 1140 per
390 1058 488 1119 varios
505 1059 634 1119 virtutes
646 1059 706 1118 sibi
725 1059 893 1136 ingressum
905 1061 937 1120 in
954 1067 1081 1140 regumn
1096 1062 1220 1123 Domini

135 1154 327 1228 comparent3
349 1144 425 1205 dicit
442 1152 572 1203 mortem
592 1143 652 1204 sihi
672 1144 801 1215 instare,
814 1163 849 1207 ac
862 1163 946 1206 suum
964 1147 1133 1207 doctrinam
1154 1164 1221 1210 esso

134 1243 269 1304 renam,
282 1249 320 1293 eo
330 1231 410 1310 quod
424 1231 508 1291 iliam
523 1229 617 1290 habet
628 1248 645 1290 a
657 1230 795 1301 Christo,
810 1249 900 1309 quem
913 1232 944 1293 in
959 1230 1220 1311 transfiguratione

136 1338 195 1382 rox
204 1318 303 1381 Patris
315 1316 466 1386 celestis,
481 1323 512 1375 et
525 1322 614 1375 antea
626 1315 786 1394 Prophetae
806 1317 1054 1378 commendarant
1063 1320 1108 1394 (e.
1122 1319 1169 1396 i).

170 1406 284 1475 Multos
313 1404 357 1464 ait
386 1418 403 1462 a
420 1401 695 1481 pseudoprophetis
707 1402 827 1473 seduci,
841 1404 896 1465 sod
910 1404 999 1465 falsos
1011 1404 1067 1466 hos
1079 1405 1222 1467 doctores

135 1491 337 1554 vehementer
349 1504 414 1548 esse
427 1486 612 1566 puniendos,
625 1493 660 1547 ut
670 1487 810 1552 homines
822 1497 960 1570 tempore
972 1491 1096 1563 diluvii,
1114 1496 1147 1554 et
1165 1493 1220 1554 So-

134 1577 259 1639 domitar
271 1573 371 1656 puniti
377 1573 502 1634 ¹fuerunt
511 1575 522 1647 (
527 1589 555 1632 c.
567 1573 613 1648 i).

102 1717 109 1731 ,
171 1660 295 1724 Fideles
310 1660 472 1740 praemunit
484 1658 628 1720 advorsus
641 1660 899 1740 pseudodoctores
919 1660 1033 1723 Christi
1052 1663 1219 1725 secundum

135 1749 300 1811 adventum
318 1753 479 1823 negantes,
499 1743 635 1821 dicitque
655 1747 817 1805 Dominum
833 1747 921 1806 brevi
938 1754 970 1806 et
984 1749 1137 1827 insperato
1152 1766 1219 1811 esse

135 1835 351 1900 adventurum,
366 1829 553 1889 otmundum
566 1829 773 1889 renovandum
787 1847 863 1890 osse.
883 1831 999 1892 Laudat
1010 1834 1122 1916 scripta
1133 1835 1218 1897 Pauli

135 1919 371 2003 Apostoli,quae
382 1916 421 1976 ah
435 1915 566 1974 indoctis
578 1913 736 1992 depravari
748 1915 935 1994 dicit(e.'5).
1277 1914 1283 1925 '

394 2078 434 2126 us
450 2077 460 2123 1
476 2075 617 2123 ertsroas
632 2076 662 2124 B.
677 2074 798 2123 tomis
812 2077 964 2128 arosrott.

133 2199 150 2267 ς
163 2197 307 2250 mxxxii.
319 2221 349 2233 -
358 2195 466 2255 Lingua,
476 2195 544 2241 torus
554 2193 705 2253 scriptionis,
718 2195 790 2254 aetus,
802 2195 897 2244 occasio
907 2197 1033 2260 proxima,
1047 2202 1219 2261 usamentum

482 2266 507 2312 et
517 2275 605 2323 scopus
617 2263 627 2308 Ι
638 2264 752 2323 Epistola
761 2265 870 2314 soumis.

170 2417 244 2475 480.
270 2414 389 2492 Scripta
409 2411 465 2471 suit
484 2409 550 2470 haec
568 2411 716 2489 Epistola,
735 2419 768 2472 ut
790 2413 857 2474 due
880 2425 1057 2494 sequentes,
1078 2437 1219 2484 sannone

134 2516 246 2580 graeco.
258 2497 515 2564 Exist'unantalii'‚
530 2496 630 2556 locum
646 2497 710 2573 ejus
728 2499 902 2576 scriptionis
912 2518 978 2561 esse
990 2505 1119 2565 insulam
1128 2508 1220 2568 Path-

135 2605 200 2648 mos
221 2583 319 2662 (coni.
338 2601 370 2642 u.
388 2582 475 2655 1158),
507 2581 558 2641 aiii
578 2599 652 2639 vero
682 2599 808 2641 numero
829 2583 931 2660 plures
949 2586 1112 2662 Ephesum.
1130 2592 1245 2656 ΛΕΜ.

135 2674 218 2734 illim
229 2670 396 2733 collocatur
404 2667 441 2728 ad
452 2685 563 2728 annum
574 2665 662 2726 oti-97
674 2683 743 2724 acrae
751 2668 894 2741 vulgaris.
910 2669 957 2729 Cl.
970 2671 1217 2753 Schnappinger,

136 2759 190 2837 qui
202 2755 401 2818 novissimam
417 2752 523 2811 horam
536 2751 578 2825 (c.
592 2750 625 2818 9,
639 2750 758 2837 i8)pro
776 2751 882 2809 ultimo
896 2759 1032 2830 tempore
1050 2757 1221 2821 existentiis

135 2850 232 2904 statu
248 2840 423 2900 ludaeorum
435 2837 530 2897 habet
546 2834 573 2904 ¹,
587 2842 810 2911 consequenter
827 2836 991 2896 arbitratur
1007 2837 1086 2901 hanc
1099 2842 1220 2920 Episto-

136 2930 198 2990 lam
210 2926 483 2989 antecessionem
497 2922 731 2998 ilierosolymae,
745 2921 873 2999 proinde
883 2932 953 2984 anto
966 2942 1078 2986 annum
1097 2927 1135 2988 70
1150 2946 1220 2996 aerae

135 3012 270 3095 vulgaris
279 3013 422 3090 scriptam
434 3009 535 3070 tuisse.

112 3166 116 3179 ,
171 3098 308 3181 Epistola
317 3097 423 3157 isthmo
433 3096 470 3156 ad
482 3096 615 3171 aliquam
626 3092 793 3153 Faoirsiam
806 3094 1019 3172 particularem
1031 3097 1149 3160 directa
1158 3120 1221 3165 noa

137 3193 204 3256 est,
215 3185 305 3246 missa
315 3183 437 3243 videtur
453 3181 491 3241 ad
506 3180 611 3241 fidelos
626 3179 755 3256 Ephesi,
774 3187 804 3238 et
821 3196 914 3256 propo
927 3179 1005 3241 itanc
1021 3181 1129 3242 urbem
1145 3189 1222 3249 enis-

136 3271 334 3348 temeramus
343 3269 470 3329 materia
482 3269 621 3328 omnihus
633 3265 813 3327 Christianis
827 3268 981 3327 convenit.

172 3358 302 3432 Oecasio
315 3354 404 3432 hujus
416 3355 558 3433 Epistola
579 3354 671 3412 tuisse
689 3352 899 3413 videtorzeius
919 3352 1168 3418 Joannis-fideies
1188 3359 1221 3421 iu

136 3444 299 3523 praecipuis
311 3441 490 3501 veritatibus
503 3439 676 3500 christianae
690 3438 848 3514 roligionis
860 3436 1072 3513 consrrnrandi,
1087 3450 1118 3501 et
1127 3443 1165 3502 ab
1175 3460 1223 3503 er-

136 3530 257 3592 roribus
269 3535 376 3591 eontra
388 3526 581 3588 divinitatem
603 3528 632 3584 J.
656 3526 691 3586 C.
707 3534 769 3584 tunr
784 3527 988 3603 grassantibus
1004 3530 1220 3606 praeservandi.

173 3602 398 3696 Argumentum
420 3614 513 3691 igitur
525 3621 558 3671 et
573 3629 681 3688 scopus
698 3611 839 3691 Epistola.
853 3612 912 3671 hue
931 3613 1066 3672 tondunt.
1089 3615 1223 3679 inculcat

135 3702 272 3764 loannes
280 3699 494 3761 necessitatem
508 3696 579 3756 iidei
593 3697 768 3757 adsalutem
782 3698 811 3756 in
824 3699 929 3757 desum
942 3707 974 3756 ut
985 3697 1162 3774 fitirtmliei,
1175 3718 1223 3760 re-

135 3787 371 3868 demptoremque
382 3792 528 3852 nostr-rou,
545 3792 635 3860 atquo
658 3784 850 3845 commendat
862 3801 994 3844 aurorem
1009 3786 1151 3864 proximi.
1163 3789 1225 3849 tie·

134 3874 229 3955 quirit
242 3879 346 3935 autem
354 3870 392 3932 ad
409 3887 528 3932 errores
539 3869 763 3939 Ebionitarum‚
778 3869 1057 3942 Corinthianorum,
1079 3879 1153 3944 ete,
1169 3874 1222 3951 qui

136 4002 376 4129 &sumptuum
393 4003 424 4052 ii.
436 4002 527 4055 Setrriit
542 4002 586 4052 dcs
603 4015 629 4053 n.
644 4002 673 4051 B.
691 4003 760 4052 Ereto
777 4001 847 4051 itrioi
858 4002 928 4063 tou,
943 3999 959 4069 3
977 4003 999 4051 t.
1015 4004 1154 4056 htannhoiur
1169 4007 1229 4057 aad

201 4107 212 4137 ,
264 4077 296 4122 e.
