2708 4846
473 452 662 503 ntehohtilt
678 452 874 503 SACDORUH.
1164 454 1208 503 261

170 544 243 601 etit.
251 541 285 603 i·
294 540 416 604 Danieli
428 541 462 602 in
473 542 601 604 Visione
613 543 738 624 adparet
753 543 834 605 aries
850 542 968 605 duobrrs
979 543 1136 614 cornibus,
1148 559 1210 605 rmo

135 629 231 690 altero
241 628 396 707 majorici
411 636 636 701 succrescente,
650 630 821 691 instructus.
835 629 945 692 iiircus
957 645 1030 690 vero
1042 644 1209 709 capranna,

134 715 224 775 muco
245 729 342 774 cornu
358 712 440 772 inter
457 713 560 774 oculos
575 713 675 793 posito
692 714 870 792 insignitam,
883 712 923 775 alr
944 712 1211 776 Occidentevcnit

134 796 339 878 secreciora
359 796 446 857 wahe
464 804 565 869 terrm
577 798 710 879 priorem
727 799 854 860 arietem
873 798 1024 870 devincit,
1039 814 1210 877 cornuaque

133 885 198 963 eins
212 883 402 946 comminuit.
414 882 524 945 Hircus
540 900 696 965 caprarum
707 885 854 947 maximus
871 883 983 946 evadit.
996 883 1133 944 Tandem
1145 883 1210 962 ejas

132 987 228 1032 cornu
237 969 448 1048 confringitur,
458 976 548 1048 atque
559 987 642 1031 exeo
653 971 802 1050 prodeunt
811 987 923 1032 cornua
932 976 1069 1048 mratuor.
1078 970 1210 1049 Arrgelus

133 1056 261 1119 Gabriel
277 1055 399 1118 Danieli
418 1055 490 1117 dein
507 1055 583 1118 dicit
594 1077 602 1116 :
613 1078 629 1114 a
642 1058 781 1120 Arietem
793 1057 921 1119 duorum
937 1072 1081 1117 cornuum
1095 1054 1210 1136 signifi-

135 1159 234 1203 »care
255 1158 362 1221 regem
386 1140 544 1202 Medorum
569 1159 605 1202 ac
624 1144 797 1217 Persarum,
818 1142 944 1204 Hircum
965 1158 1039 1203 vero
1056 1158 1211 1220 caprarum

134 1245 272 1307 »regem
287 1228 480 1295 Graecorum»
492 1226 716 1305 (Alexandrum
727 1229 894 1309 magnum),
902 1228 987 1308 eujus
995 1243 1122 1306 regnum
1131 1231 1211 1289 inter

133 1321 263 1391 qmtnor
275 1328 364 1391 reges
374 1311 572 1374 dividendum
582 1319 646 1374 erat
658 1310 704 1390 (c.
714 1313 763 1395 8).

167 1402 244 1456 etti.
256 1397 288 1457 7ο
302 1398 378 1462 Cum
388 1397 528 1459 Daniele
546 1400 612 1459 Deo
625 1399 874 1461 restaurationem
883 1398 1116 1479 Hierosolyma,
1130 1395 1210 1476 ejas-

135 1502 192 1562 que
203 1482 328 1564 templi,
338 1483 422 1562 juxta
432 1484 576 1545 ieremias
587 1486 764 1546 vaticinium
776 1486 843 1564 (ie,
855 1486 957 1556 ll·ii;
971 1484 1018 1556 iii,
1032 1483 1089 1561 to)
1100 1483 1210 1563 elapsis

134 1570 170 1632 it)
180 1570 380 1631 annisiocum
397 1568 583 1641 habitan-um,
594 1579 747 1644 exoraret,
759 1572 884 1650 angelus
903 1570 1029 1632 Gabriel
1040 1570 1070 1631 ei
1082 1569 1136 1639 ait,
1147 1586 1209 1630 non

135 1655 289 1717 dumtaxat
301 1654 368 1733 ejru
386 1654 572 1716 desiderium
589 1656 746 1735 impletum
764 1657 819 1726 iri,
838 1673 945 1718 vermn
962 1655 1053 1716 etiarn
1068 1655 1210 1715 hiessiam

135 1750 272 1823 tempore
284 1740 322 1801 70
332 1739 555 1803 hebdomadum
571 1757 717 1802 annorum
726 1741 939 1812 adventurum,
951 1756 1121 1817 novamque
1136 1740 1210 1800 reii-

134 1827 258 1904 gionem
272 1824 462 1887 conditurum
473 1842 554 1898 esse,
565 1826 637 1887 dein
653 1842 727 1887 vero
744 1828 912 1887 ienrsalem
931 1826 1135 1904 templumque
1154 1824 1210 1885 de·

134 1911 643 1991 serenda,etnumquamamp1i1s
654 1909 866 1972 reaedificanda
876 1926 942 1972 esse
953 1911 1000 1987 (c.
1010 1909 1029 1970 9
1039 1911 1063 1990 ).

168 2000 243 2055 eoe.
254 1995 287 2057 8⁰
298 1996 476 2057 Praedicitur
494 1995 649 2075 expeditio
665 1996 764 2074 qrrarti
780 1994 862 2075 regis
875 1999 944 2075 post
961 1993 1089 2073 Cyrum,
1101 1994 1210 2056 Xerxis

132 2081 453 2162 megnhmeraeciam.
463 2081 588 2160 ldagnus
596 2097 670 2143 vero
679 2098 735 2143 rex
745 2080 883 2152 Graecias,
893 2078 1067 2140 Alexander
1073 2094 1208 2158 magrrus,

134 2169 272 2231 dannot
281 2166 486 2230 monarchiam
498 2167 664 2246 persicam3
677 2164 852 2228 monarchia
863 2181 962 2245 graeca
977 2173 1078 2226 autem
1090 2164 1210 2226 divide-

135 2263 184 2315 tur
190 2250 1207 2335 inquatuorpartes,nonauteminterposterosejuslnndatoris(c.ll).

307 2386 325 2457 5
337 2389 425 2439 (iiiiii.
436 2413 467 2427 -
475 2390 569 2452 hingm
580 2389 606 2440 et
619 2389 726 2439 elocutio
735 2388 911 2439 vaticiniorum
919 2388 1037 2439 Danielis.

171 2510 248 2567 etti.
257 2509 374 2590 Lingua
386 2508 495 2570 horum
509 2509 723 2570 vaticiniorum
738 2515 784 2570 est
792 2508 916 2570 hebraea
926 2508 1032 2570 verbis
1043 2504 1209 2568 chaldaicis

136 2594 324 2673 amarcheus
340 2595 498 2675 pennixta.
515 2594 682 2657 chaldaice
701 2600 820 2654 exarata
832 2598 940 2654 eunte.
951 2592 1081 2664 sats,
1093 2591 1207 2663 etei,

135 2682 173 2749 t,
184 2678 220 2752 e,
229 2678 330 2741 iiac'i.

173 2764 280 2827 Oratio
290 2764 422 2835 hrariae,
435 2771 468 2825 et
478 2765 628 2825 canticum
644 2761 708 2840 ejus
723 2762 874 2823 sociorum
886 2761 921 2820 in
931 2758 1054 2819 fornace
1069 2758 1206 2829 ardenta

138 2864 210 2928 qim
221 2848 572 2923 c.i,2i-⁹0relerrmtur,
582 2848 707 2909 historia
718 2853 808 2908 casiae
820 2847 981 2915 Susanna,
992 2858 1060 2921 quae
1069 2858 1097 2904 c.
1111 2842 1162 2913 le,
1177 2851 1207 2904 ci

138 2933 272 2997 amno
280 2933 320 2997 de
327 2933 401 2996 Deio
411 2941 444 2995 et
451 2935 600 3005 Dracone,
611 2950 677 3011 quae
687 2951 715 2994 c.
727 2931 763 2992 ll
770 2932 923 3011 leguntm,
933 2926 1212 2990 nochebraicenee

136 3018 294 3083 chaldaice
312 3019 496 3093 extant,sed
511 3018 697 3080 solummodo
717 3034 827 3097 graeee.
845 3016 922 3081 Cum
939 3021 1041 3076 autem
1055 3031 1131 3094 optes
1148 3013 1210 3074 sint

136 3104 285 3179 Danielis,
294 3113 414 3189 opertet
423 3106 477 3167 ilia
486 3106 695 3185 originetenus
704 3103 848 3165 hebraice
858 3109 910 3162 aut
918 3098 1075 3162 chaldaice
1089 3106 1218 3169 exarata

138 3238 221 3290 enrith
228 3239 350 3303 mittat
358 3238 526 3288 monarchiam
536 3236 673 3298 liederum,
683 3249 738 3298 quas
748 3232 896 3285 monarchias
905 3229 1071 3281 Chaldaeorum
1080 3229 1209 3291 successit3

136 3309 213 3361 taus
221 3308 382 3371 mmai
397 3307 565 3357 monarchiam
577 3307 705 3355 Persarum
719 3305 765 3354 suh
779 3304 855 3365 tyro3
872 3301 958 3364 quarta
974 3308 1034 3349 vcro
1044 3296 1210 3347 monarchiam

136 3382 278 3429 ornem
289 3378 335 3427 sah
346 3377 485 3426 Alexandro
501 3386 598 3437 magno.
609 3375 702 3423 Decem
711 3386 802 3423 cornua
812 3372 848 3422 ita
864 3368 1022 3433 deciment
1037 3366 1124 3416 decem
1139 3378 1211 3428 reges

137 3452 227 3515 ivah,
235 3451 280 3513 qai
289 3449 437 3499 andoenum
446 3449 614 3510 epiphanem,
624 3461 671 3509 per
680 3459 785 3509 parvum
796 3457 873 3495 cornu
880 3440 1095 3504 representatum,
1105 3451 1211 3500 preces-

137 3519 448 3580 memineramus
462 3518 519 3567 sunt
528 3520 554 3566 l·
564 3518 681 3567 Seleucus
691 3517 801 3576 Nicator,
811 3515 841 3563 2⁰
852 3512 986 3562 Antiochus
995 3511 1080 3572 Soter,
1089 3510 1115 3557 5⁰
1123 3507 1211 3557 Antio·

136 3588 199 3639 cius
212 3588 237 3636 ii
252 3586 347 3649 Pheos,
360 3584 387 3634 t⁰
402 3586 520 3637 Seleucus
528 3586 552 3633 ii
566 3586 710 3646 callinicus,
725 3584 755 3634 δυ
764 3584 882 3632 Seleucus
895 3580 929 3629 iii
942 3581 1079 3641 munus,
1089 3577 1115 3626 θ’
1125 3576 1210 3626 Antio-

136 3657 242 3707 dnlii
250 3669 367 3717 marnes,
376 3657 402 3704 ⁷⁰
410 3655 528 3705 Seleucus
537 3656 569 3703 iv
579 3654 731 3716 Philopator,
742 3653 769 3702 8ο
781 3651 934 3701 heliodorus.
945 3649 997 3697 lloc
1006 3647 1089 3697 auum
1099 3646 1210 3708 tempore

135 3724 247 3775 staltis
255 3736 303 3773 rex
315 3722 393 3785 syrte
402 3725 498 3786 agnitus
508 3722 557 3771 luit
566 3724 710 3772 Ptolomaeus
724 3721 886 3780 Philometor,
895 3730 943 3767 rex
952 3716 1059 3779 mpii,
1075 3714 1118 3777 qui
1127 3715 1162 3764 lta
1172 3718 1210 3765 esi

135 3806 225 3845 m.
232 3794 319 3843 lieres
328 3793 412 3843 sutem
421 3792 505 3842 throni
519 3790 596 3852 syria
611 3792 666 3841 mat
678 3789 818 3839 Demetrius
827 3788 892 3837 tilius
908 3786 1005 3836 Menai
1014 3785 1061 3847 iv,
1074 3783 1117 3845 qui
1127 3784 1162 3832 ita
1173 3787 1209 3833 eat

135 3860 315 3915 Mamm
329 3861 463 3913 maedus
471 3861 610 3926 Epiphanes
624 3860 797 3922 heliodorum,
805 3858 964 3909 Ptolemaam
976 3854 1166 3906 Philometorem
1179 3866 1211 3903 ao

134 3930 293 3983 Uirium
301 3932 408 3994 samnii.

163 4000 288 4064 indam
297 4000 407 4062 dicrum,
421 4000 465 4061 qai
476 3999 588 4062 quarum
598 3996 822 4061 oehamjuaicat,
838 3993 998 4063 representat
1006 3994 1100 4053 Deunu
1110 3990 1210 4045 elilim

135 4064 243 4143 Quis
252 4069 333 4123 anua
342 4071 397 4121 Dei.
408 4070 476 4122 Cani.
486 4070 572 4119 iiatth.
582 4067 625 4131 26,
635 4067 675 4119 dt.
