2708 4846
142 486 189 538 ’lb
549 487 593 536 DE
611 481 811 536 luraaurta

176 578 209 640 2⁰
232 578 321 658 Quod
335 577 611 642 Nabuchodonosor
631 597 693 641 non
711 577 845 660 potuerit
868 590 934 640 esse
953 575 1012 637 'rex
1032 574 1066 634 in
1082 572 1206 647 Nmivo,

140 671 173 726 ut
191 682 256 746 cap.
280 668 316 738 l,
337 666 356 727 d
375 667 496 748 legitur,
515 683 552 727 eo
565 667 645 745 quod
672 665 738 728 baec
756 667 829 728 mbs
851 663 890 726 ab
917 662 981 740 ejus
1004 668 1092 740 patre
1114 659 1256 721 law

139 750 288 830 polassare
303 769 409 815 eversa
426 753 489 832 iam
504 759 585 825 erat,
604 760 635 816 et
652 769 815 832 numquam
836 748 1021 814 reaedificata
1042 746 1100 807 tuit
1120 745 1256 825 (cont-

138 855 169 898 n.
184 837 254 910 250,
265 838 319 916 2⁰).

174 922 205 983 5⁰
226 924 360 986 Historia
380 923 514 985 Judithae
532 940 692 986 occurrere
711 923 838 991 deberet
861 921 893 981 in
915 919 1005 980 libris
1027 921 1147 998 Regum
1163 927 1256 991 aa!

137 1008 386 1088 Paralipomenon
397 1011 606 1089 inquibusres
618 1017 711 1089 gestae
723 1008 896 1069 Judaeorum
907 1006 1033 1068 istorum
1045 1011 1256 1084 temporat-2

136 1104 304 1158 narrantur.
314 1097 454 1177 Reperiri
468 1099 583 1176 pariter
595 1097 723 1159 deberet
739 1097 771 1156 in
787 1095 832 1155 Fl.
851 1092 997 1172 Josepho.
1012 1091 1120 1154 Nullus
1136 1090 1250 1153 anti-

137 1198 212 1259 quus
221 1190 307 1262 pater
316 1183 428 1243 librum
438 1185 456 1243 J
459 1183 545 1244 udith
558 1182 773 1244 commentario
784 1180 954 1242 illustravit.

173 1267 205 1327 l⁰
216 1270 368 1347 Nusquam
382 1270 414 1330 in
426 1270 506 1330 libro
519 1270 627 1331 Juditb
639 1268 673 1329 fit
683 1269 798 1330 mentio
811 1269 850 1329 de
862 1284 936 1347 rege
954 1264 1140 1327 ludaeorum.

173 1353 204 1415 δ’
212 1356 257 1416 Fl.
265 1356 417 1437 Joseplaus
427 1374 500 1419 vero
512 1357 544 1417 in
557 1358 691 1436 catalogo
705 1373 887 1417 summorum
898 1353 1089 1416 sacerdotum
1099 1349 1217 1412 nubum

136 1446 276 1500 recenset
283 1440 643 1522 Eliachim,quitempore
653 1442 835 1521 captivitatis
842 1441 988 1502 Manassis
996 1437 1209 1518 rempublicam

37 1576 40 1583 .
137 1525 336 1587 Hebraeorum
348 1527 593 1591 administrasset.

173 1610 559 1685 o⁰u010fcmes,oe111oux
571 1613 889 1686 Nabuchodonosoris,
903 1613 959 1675 sub
968 1613 1053 1692 cujus
1065 1614 1203 1691 potestate

136 1698 288 1760 Nanassos
304 1701 461 1780 Babylone
478 1702 616 1782 captivus
632 1700 824 1781 supponitur,
844 1718 905 1760 non
921 1699 1021 1779 potuit
1041 1694 1201 1757 Judaeosiu

137 1784 294 1846 Palaestina
310 1787 461 1866 reperire,
474 1803 574 1865 neque
593 1787 723 1861 causari,
741 1803 775 1847 se
791 1786 913 1847 ludaeos
925 1784 1006 1845 haud
1026 1785 1201 1853 noscerent

137 1870 261 1933 dicere:
276 1874 348 1954 Quis
362 1892 414 1934 rex
424 1875 537 1936 militie
552 1876 667 1936 eorum?
679 1874 760 1953 quod
773 1891 839 1954 cap.
853 1874 881 1943 a,
896 1872 948 1933 5-3
958 1872 1083 1952 legitur.

173 1958 205 2017 7⁰
217 1961 250 2020 Si
261 1960 369 2021 iudith
382 1961 577 2022 Holofernem
590 1960 768 2031 occidisset,
780 1961 929 2039 paucique
945 1958 1046 2019 Judaei
1060 1957 1201 2036 ingentem

138 2043 439 2107 Nabuchodonosoris
456 2048 623 2108 exercitum
634 2046 842 2125 dissipassent,
856 2043 1150 2114 Nabuchodonosor,
1161 2037 1202 2118 qu'

136 2131 272 2193 Judaeam
284 2150 320 2194 ac
330 2134 496 2212 AEgyptmu
509 2132 668 2211 subjugare
678 2141 838 2205 statuerat,
851 2133 975 2194 ludaeos
986 2133 1126 2210 impunes
1134 2124 1201 2191 baad

135 2219 318 2296 reliquisset,
329 2220 410 2297 quod
423 2227 522 2280 tamen
536 2237 601 2299 cap.
614 2220 664 2289 ld,
677 2220 714 2280 50
724 2220 864 2305 retertur.

173 2303 205 2360 8⁰
220 2303 328 2364 iudith
348 2303 400 2382 (c.
411 2305 446 2376 9,
460 2304 543 2382 2-5.)
560 2305 756 2385 proditoriam
774 2307 903 2378 caedem,
920 2321 1010 2384 quam
1031 2304 1155 2364 Simeon
1169 2298 1201 2363 do

135 2386 303 2450 Sicbimitis
316 2389 356 2450 ob
366 2390 509 2451 violatam
521 2408 655 2451 sororem
666 2392 791 2463 Dinam,
806 2391 944 2453 ediderat
963 2391 1064 2467 (Gen.
1074 2387 1147 2464 bb),
1159 2384 1203 2448 ad·

135 2473 254 2550 probat.
267 2474 425 2551 Quomodo
441 2474 507 2536 baec
520 2494 589 2536 cum
608 2476 685 2537 Gen.
701 2477 773 2553 (aa,
787 2477 838 2548 503
853 2486 884 2538 et
895 2478 948 2548 aa,
961 2477 1001 2553 b)
1018 2473 1202 2542 concordant,

135 2559 189 2620 ubi
203 2560 325 2622 Simeon
339 2568 371 2622 et
385 2561 461 2623 Levi
471 2580 545 2623 ooeu
561 2562 722 2642 iniquitatis
734 2563 871 2624 bellantia
883 2582 901 2625 a
912 2562 1087 2624 Patriareha
1100 2558 1203 2623 Jacoba
1229 2596 1233 2603 ·

136 2646 347 2726 appellantur?

172 2732 204 2792 9⁰
214 2733 345 2805 Insidiae,
358 2751 432 2813 quas
441 2733 548 2796 Judith
560 2733 718 2795 Hololemi
730 2736 847 2809 stnrxit,
858 2742 891 2796 ut
904 2752 972 2796 eum
982 2735 1015 2796 in
1024 2736 1071 2797 sui
1081 2746 1205 2796 amorm

135 2821 309 2899 pelliceret,
322 2822 480 2885 mendacia
499 2840 564 2901 quae
583 2824 725 2903 protulit,
738 2842 834 2894 mors,
855 2823 993 2901 quamsi
1014 2823 1134 2896 intulit,
1145 2836 1205 2886 eata

136 2905 309 2969 charactere
322 2915 432 2970 sanctae
444 2909 580 2971 mulieris
593 2909 749 2970 conciliari
762 2908 841 2969 haud
853 2914 987 2990 possunt.

463 3067 480 3139 s
490 3072 548 3119 XCI.
558 3096 587 3108 -
597 3072 691 3120 solutio
701 3070 883 3122 difficultatum.

173 3226 243 3285 aaa.
257 3225 304 3289 Cl.
317 3225 409 3297 Jahn,
421 3226 525 3288 relatis
535 3228 637 3289 multis
649 3244 687 3288 ea
697 3227 783 3288 hisce
796 3225 1022 3290 difficultatibus
1033 3227 1077 3289 ita
1090 3226 1205 3290 conclu·

135 3312 203 3373 dit:
217 3334 233 3369 u
246 3315 290 3372 Ex
311 3314 420 3389 quibus
436 3314 533 3392 liquet
553 3316 662 3392 quibus
674 3317 764 3376 armis
777 3315 914 3376 instructi
928 3316 1003 3387 sint,
1024 3317 1076 3395 qui
1093 3314 1207 3379 histori-

136 3415 232 3460 acam
243 3398 331 3475 hujus
342 3399 414 3459 libri
425 3401 585 3461 veritatem
603 3401 794 3480 impugnant,
809 3409 839 3461 et
855 3402 1043 3464 contendunt
1055 3419 1207 3483 argumrea·

136 3503 152 3540 u
168 3491 230 3544 tum
242 3484 314 3543 libri
327 3500 392 3544 esse
404 3484 590 3560 parabolam,
602 3504 669 3564 quae
681 3487 804 3558 doceat,
816 3487 977 3561 Hebraeos,
992 3490 1137 3566 quamdiu
1148 3490 1207 3551 Deo

137 3588 153 3625 n
167 3567 272 3630 fideles
284 3577 369 3639 sunt,
384 3570 476 3631 etiam
488 3570 522 3630 in
533 3588 647 3631 summo
660 3589 762 3633 rerum
775 3573 951 3636 discrimine
962 3575 1092 3637 salutem
1103 3591 1206 3658 expec-

137 3673 153 3711 n
165 3661 230 3716 tare
243 3672 330 3734 posse
342 3653 364 3715 ¹.
377 3674 395 3712 u

171 3741 286 3801 Verum
303 3742 402 3802 allatae
418 3738 608 3805 difficultates
625 3741 751 3804 minime
769 3752 838 3806 sunt
856 3747 922 3807 sine
939 3747 1136 3825 responsione
1153 3762 1206 3820 :ex

136 3828 380 3905 responsionibus
399 3827 508 3889 nostris
529 3829 602 3906 quid
616 3829 655 3891 de
675 3831 830 3892 Parabolos
846 3834 998 3893 sententia
1013 3833 1207 3910 judicandum

136 3913 175 3972 ait
187 3914 368 3975 concludent
377 3913 516 3976 lectores.
530 3917 568 3976 Et
585 3917 752 3997 imprimis:
765 3918 945 3979 «Parabolos
961 3920 1024 3980 illae
1036 3928 1106 3982 sunt
1117 3964 1126 3992 ,
1139 3941 1156 3980 a
1167 3919 1207 3983 ait

136 3999 168 4059 S.
180 3998 437 4078 chrysostomus,
451 4023 467 4059 u
479 4003 512 4063 in
525 4004 632 4081 quibus
641 4012 794 4084 ponuntur
806 4006 943 4086 exempla
961 4014 992 4067 et
1004 4015 1144 4070 tacentur
1153 4025 1205 4071 no·

167 4118 268 4191 aranu,
279 4125 371 4178 tatrod.
382 4127 409 4179 tn
418 4127 446 4180 b.
456 4127 482 4184 s.
494 4127 524 4180 v.
535 4124 1063 4201 1³·,oap.tt,82tt.-¹cbrys.ttototbde
1074 4130 1161 4187 divite.
