2708 4846
445 478 629 527 blattottult
648 475 841 527 sacnotttlu.
1133 473 1179 525 108

129 570 210 632 0666
231 571 366 633 humeris
384 570 558 649 impositum
581 571 614 630 in
636 571 718 632 ludis
736 567 895 651 olympicis
917 570 986 648 per'
1000 568 1056 630 lsi)
1075 585 1179 647 possus

126 660 248 734 sonavit,
267 676 304 720 ac
322 659 394 719 dein
412 677 471 718 uno
490 659 553 719 ictu
574 659 668 736 pugni
689 658 810 719 occidit.
825 661 899 736 lmp.
920 657 956 721 C.
973 658 1003 716 J.
1024 658 1064 717 V.
1083 656 1179 714 blaxi-

122 745 205 894 ‘tpipetp
206 747 298 894 ὃ66166
310 762 430 807 currum
449 752 588 808 onustum
605 744 758 815 trahebat,
770 752 802 804 et
819 745 942 804 arbores
962 743 1024 804 suis
1040 742 1179 804 manibus

148 926 210 985 175.
221 927 268 1003 (C.
284 926 336 996 to,
354 926 454 1004 0600)
466 928 622 998 Refertur,
634 929 808 988 samsonem
824 926 1086 989 abscissaeaesarie
1097 926 1179 988 vires

119 1022 173 1077 ms
182 1016 335 1084 amisisse,
350 1015 431 1092 quod
445 1017 557 1075 lleistae
570 1014 711 1076 derident

144 1106 186 1172 ct.
200 1110 282 1170 Jahn
301 1109 359 1170 boc
373 1109 412 1170 de
426 1114 625 1187 pbaenomeno
635 1111 695 1169 ait:
710 1130 725 1165 6
739 1110 839 1170 Naxus
850 1110 960 1170 virium
976 1124 1043 1169 cum
1057 1107 1177 1168 caesarie

118 1212 215 1257 amara
225 1203 292 1256 erat
301 1196 434 1273 opinatio
444 1197 609 1266 samsonis;
622 1212 714 1273 quare
723 1195 861 1256 abscissis
871 1195 987 1273 capillis
997 1195 1095 1254 animo
1108 1210 1179 1253 eon·

118 1284 220 1353 ecidit,
239 1301 298 1344 nec
319 1283 401 1342 vires
420 1300 488 1342 suas
506 1283 637 1360 experiri
657 1299 744 1342 ausus
759 1289 804 1342 est
814 1301 822 1352 ;
844 1299 935 1359 quum
953 1297 1026 1340 vero
1043 1279 1179 1340 caesaries

118 1386 232 1433 »narseus
243 1371 448 1438 accrevisset,
462 1370 577 1428 animos
591 1368 765 1446 resumpsit,
777 1369 927 1428 eteoclem
939 1367 1177 1447 polluitrobore.

118 1474 123 1509 ι
134 1454 166 1515 ld
177 1456 236 1535 ipsi
247 1470 368 1532 quoque
386 1452 553 1513 Philisthai
564 1455 776 1524 observarunt3
789 1470 859 1512 nam
871 1471 931 1512 non
945 1454 1079 1527 contenti
1092 1468 1180 1514 eaesa·

118 1543 207 1602 ttiem
230 1541 385 1602 samsonis
403 1542 532 1610 rasisse,
546 1542 643 1601 virum
658 1558 728 1603 earo
749 1557 869 1619 quoqne
892 1541 1046 1600 oculorum
1065 1542 1179 1602 lumine

117 1627 305 1706 privarunt,
329 1634 419 1703 atque
437 1627 552 1686 catenis
571 1627 664 1686 aeneis
683 1628 864 1698 vinxerunt,
884 1628 922 1686 dc
941 1629 1063 1687 caesarie
1080 1635 1179 1687 autem

117 1728 231 1773 ¹rursus
243 1719 401 1773 crescente
413 1712 539 1770 minime
550 1712 672 1772 solliciti
688 1711 709 1771 ¹.
723 1733 740 1768 n

135 1809 251 1868 Verum
260 1807 333 1868 huic
348 1807 483 1885 opinioni
495 1807 607 1874 obstat,
625 1824 686 1865 non
700 1807 796 1866 solum
808 1809 1001 1876 samsonem,
1018 1806 1072 1866 sed
1089 1808 1177 1866 etiam

117 1901 258 1954 ructorcm
275 1893 349 1952 libri
370 1892 513 1951 indicum
532 1891 713 1960 credidisse,
727 1893 807 1950 vires
822 1892 972 1951 samsonis
988 1908 1005 1950 a
1023 1909 1180 1952 conserva·

117 1979 184 2041 tone
201 1979 341 2039 caesariei
362 1977 561 2056 dependisse;
574 1993 643 2035 nam
658 1979 696 2053 (e.
716 1978 768 2046 lti,
784 1977 829 2053 l7)
840 1976 914 2036 dicit
931 1987 1048 2038 auctor:
1063 1999 1079 2034 6
1094 1980 1179 2038 'sune

117 2064 261 2125 rsamsou
284 2063 423 2141 aperiens
441 2063 601 2122 veritatem
619 2063 665 2122 rei
684 2062 760 2123 dixit
776 2063 814 2123 ad
835 2062 1015 2123 Dalilam...:
1029 2063 1061 2124 Si
1081 2081 1179 2123 rasum

116 2148 223 2211 »merit
235 2157 327 2227 caput
339 2167 449 2220 meum,
463 2147 616 2209 recedeta
635 2166 684 2209 me
698 2149 840 2210 fortitudo
854 2166 921 2209 mea
929 2168 939 2220 ;
954 2171 969 2206 a
984 2158 1014 2211 et
1026 2151 1178 2220 versum:

116 2236 256 2305 statim,
276 2236 335 2306 ait,
358 2235 396 2295 ab
410 2253 447 2294 eo
461 2234 604 2295 fortitudo
617 2235 789 2298 discessit...
802 2237 943 2319 nesciens
955 2238 1079 2298 samson
1099 2238 1180 2315 qnod

116 2322 309 2385 recessisset
320 2322 359 2380 ab
373 2338 409 2381 co
423 2321 578 2381 Dominus.
593 2342 609 2377 u

137 2418 219 2479 ilinc
241 2416 385 2486 dicimus,
404 2416 611 2477 fortitudinem
630 2419 781 2480 Samsonis
803 2419 945 2497 equidem
967 2416 1091 2497 physice
1109 2437 1181 2481 con-

116 2501 214 2566 0ῑί666
231 2505 265 2564 in
283 2503 378 2563 firmis
396 2505 458 2581 ejus
474 2504 630 2576 musculis,
645 2507 807 2583 solidisque
822 2508 953 2576 ossibus,
970 2524 1032 2567 non
1050 2525 1123 2567 vcro
1146 2508 1178 2567 in

116 2590 183 2653 uim
201 2591 342 2662 caesaric,
359 2590 493 2651 sedeam
509 2607 526 2649 a
543 2593 606 2651 Deo
626 2593 653 2651 ei
677 2593 805 2652 ablatam
827 2594 917 2653 luisse
939 2601 1023 2651 tonsa
1041 2595 1178 2662 cesarie,

115 2696 141 2741 tu
154 2679 238 2757 quod
260 2680 385 2739 Samson
401 2686 504 2738 votum
519 2680 743 2749 Nazareorum,
762 2679 845 2753 tuqus
864 2680 1010 2738 indicium
1023 2689 1180 2740 externum

115 2765 293 2827 tutissimum
305 2772 371 2822 erat
383 2763 507 2822 nutritio
516 2763 708 2840 capillorum,
720 2763 798 2823 haud
813 2763 996 2822 observarat.
1147 2759 1150 2764 '

141 2859 213 2916 l'lt.
236 2858 274 2922 C.
299 2855 348 2928 lli,
371 2857 457 2915 0650
482 2864 633 2924 narratur,
653 2858 827 2917 Samsonem
849 2857 1037 2916 effossionem
1062 2874 1179 2917 snorum

115 2944 259 3007 tcdortun
272 2943 414 3014 ulturum,
428 2942 573 3020 templum
581 2944 713 3019 Dagonis
735 2943 808 3003 5000
827 2944 1068 3003 Philisthaeorunr
1086 2946 1181 3007 reler-

115 3046 179 3099 unt,
189 3030 223 3091 in
235 3029 358 3091 civitate
371 3029 450 3088 Gaza
462 3028 555 3087 erutis
568 3026 682 3086 duabus
695 3028 842 3089 columnis
854 3028 991 3088 diruisse.

143 3124 189 3183 At
200 3124 343 3202 templum
356 3121 413 3182 hoc
428 3122 539 3182 nostris
554 3120 691 3181 eeclesiis
703 3122 830 3181 minime
840 3120 939 3180 simile
951 3120 1015 3178 luit.
1026 3123 1105 3182 Duas
1114 3167 1121 3193 ,
1130 3132 1182 3185 ant

114 3208 186 3269 orte
199 3208 300 3288 plnres
314 3208 467 3270 columnas
478 3207 626 3276 habebat;
640 3206 695 3267 sed
705 3224 773 3267 cum
783 3213 894 3267 tectum
908 3206 1022 3266 duabus
1033 3208 1182 3272 columnis

114 3296 272 3368 niteretur,
287 3296 372 3358 hisee
391 3296 499 3366 erutis,
518 3303 648 3365 tectmn,
669 3297 702 3355 in
720 3294 910 3355 Pbilisthaeos
930 3311 1019 3354 ruere
1037 3294 1179 3356 debebat.

114 3383 282 3443 samsonem
291 3381 491 3443 autemhasee
502 3382 656 3444 columnas
665 3399 772 3442 eruere
780 3381 976 3460 potuisse‚sat
987 3388 1071 3458 patet
1083 3398 1120 3441 ea
1132 3382 1183 3449 iis,

114 3484 173 3547 pta
184 3477 276 3531 antea
287 3469 412 3529 lecerat.
425 3470 513 3546 Quod
526 3478 643 3548 spectat
655 3479 783 3530 mortem
796 3471 957 3534 samsonis,
969 3469 1051 3530 illam
1065 3470 1181 3530 directe

114 3554 273 3618 utendissc
284 3573 346 3616 non
359 3557 493 3626 videtur,
507 3558 588 3618 bene
601 3575 674 3618 vero
687 3559 832 3618 ultionem
851 3557 1108 3628 Plrilistlrauorum,
1126 3557 1182 3616 bo-

114 3656 238 3721 naque
250 3642 435 3719 sutepatriae;
447 3660 539 3720 quare
550 3662 617 3704 euru
634 3646 725 3705 lortes
737 3644 980 3724 magnanimique
993 3645 1115 3713 milites,
1130 3645 1182 3721 qui
1286 3704 1296 3727 ι
1315 3709 1318 3716 ,

113 3730 249 3801 *noni
268 3728 439 3789 inevitabili
452 3747 506 3808 pro
526 3731 605 3790 bono
626 3732 730 3809 patriae
750 3739 965 3808 exposuerunt,
984 3738 1017 3789 ut
1037 3730 1182 3807 majorem

113 3822 197 3895 μ
205 3821 333 3894 possent
345 3813 475 3875 bostium
488 3833 645 3876 nutrieram
657 3814 882 3882 interficerent.
895 3825 1045 3893 tamquam
1058 3816 1181 3876 surcidae

113 3896 1179 4005 *hbentunnecSamson,quiidempraestitit,suicidadicenduse'st.

113 3984 271 4069 meon
291 3987 390 4048 varias
405 3988 645 4050 Philistbteorum
663 3998 778 4069 strages
795 3991 891 4054 edidit
903 3988 971 4069 jure
992 3988 1066 4049 belli
1083 4005 1101 4051 a
1120 4009 1180 4071 quo

117 4084 569 4167 ·gsmutroe1nn.s.v.r.nn
581 4100 715 4166 tanqu.
