2708 4846
517 614 723 705 CAPUT
750 616 811 703 11.

239 805 295 865 DE
310 803 577 865 DiVINl'l'ATE
596 802 831 859 LIBRORUM
848 799 1098 899 SACROIiUM.

590 972 763 1008 ⁴00-

436 1109 481 1170 Si.
492 1137 522 1148 -
531 1112 628 1162 Utilitas
637 1113 707 1163 rerbi
717 1111 796 1163 divini
806 1112 899 1175 scripti.

175 1262 223 1318 tt.
238 1262 390 1323 Amorum
405 1265 608 1324 necessarium
620 1282 681 1325 non
702 1281 782 1335 esse,
800 1270 834 1323 ut
851 1262 1065 1325 Revelationes
1082 1257 1201 1326 Divinas

141 1349 255 1428 scriptis
264 1348 420 1410 tradantur
430 1351 538 1427 liquet,
558 1351 638 1428 guod
649 1351 784 1411 Ecclesia
794 1350 1003 1411 Patriarchalis
1014 1355 1084 1410 ante
1102 1349 1201 1428 legem

139 1435 277 1512 scriptam
292 1435 405 1513 Moysis
422 1452 439 1495 a
456 1436 521 1510 Deo
541 1437 676 1508 condita,
697 1444 886 1507 conservata,
907 1443 996 1513 atque
1018 1435 1055 1496 ad
1065 1442 1203 1514 posteros

138 1528 300 1598 propagata
310 1521 414 1592 tuerit,
427 1522 500 1599 quin
512 1529 661 1599 praecepta
669 1522 837 1600 Religionis
848 1520 1002 1582 Revelatae
1014 1519 1124 1580 litteris
1132 1537 1203 1580 con-

136 1604 253 1679 signata
265 1613 379 1677 essent,
400 1613 432 1665 et
445 1607 529 1683 quod
541 1607 618 1685 apud
631 1606 801 1669 catholicos
812 1606 922 1666 dentur
938 1605 1118 1666 traditiones
1135 1621 1203 1681 quaa

135 1691 176 1751 air
191 1692 309 1770 origine
329 1693 448 1771 scriptis
467 1692 615 1753 mandatae
632 1693 711 1753 haud
724 1694 853 1754 inerunt.
871 1694 986 1752 Verrun
1001 1692 1088 1752 verbi
1105 1690 1203 1751 divini

133 1779 315 1857 scripturam
332 1780 460 1840 maxime
478 1780 583 1839 utilem
603 1797 683 1850 csse,
705 1779 898 1856 medimnque
915 1778 1049 1856 apprime
1060 1777 1203 1837 idonermr

133 1863 174 1924 ad
186 1865 352 1925 revelatam
362 1865 528 1925 doctrinam
539 1865 666 1942 posteris
675 1861 946 1933 transmittendam,
958 1869 1048 1938 atque
1059 1861 1098 1921 ad
1105 1863 1205 1921 varias

133 1946 293 2009 hominum
312 1949 508 2028 deceptiones
521 1947 732 2019 removendas,
751 1963 840 2007 neruo
858 1962 924 2007 rem
938 1946 998 2007 rite
1012 1944 1204 2008 considerans

133 2035 267 2110 negarit.

454 2129 471 2199 8
481 2134 511 2182 ll.
522 2158 552 2169 -
562 2132 698 2183 Necessitas
713 2130 887 2194 inspirationis.

175 2252 383 2333 aenigmate
394 2259 493 2314 antem
501 2257 565 2314 Deo
574 2247 690 2315 divinas
700 2270 766 2315 suas
775 2251 987 2313 Revelatlones
995 2247 1084 2311 nobis
1093 2247 1204 2328 scripio

136 2339 277 2412 eadere,
296 2348 414 2418 oportet
427 2342 588 2415 scriptores
599 2358 700 2401 earum
712 2339 805 2401 errori
818 2338 943 2398 minImc
960 2334 1204 2408 obnoxios‘ess03

138 2444 207 2486 cum
226 2444 313 2488 secus
324 2426 454 2487 dubitari
465 2437 579 2507 posset,
594 2436 692 2487 utrum
705 2428 751 2487 illi
770 2425 978 2487 imbecillitate
994 2424 1123 2484 humana
1143 2440 1206 2486 non

138 2512 389 2589 cespitavissent,
403 2513 533 2591 falsaque
552 2514 631 2585 veis
649 2513 730 2574 haud
749 2511 989 2581 admiscuissent3
1002 2516 1091 2587 atque
1106 2508 1147 2568 ita
1165 2509 1206 2571 de

137 2595 213 2674 ipsis
225 2597 474 2659 Revelationibus
483 2599 594 2659 divinis
605 2597 763 2659 dubitandi
773 2597 822 2656 via
832 2595 975 2657 latissima
983 2602 1114 2672 pateret:
1123 2592 1207 2653 ‹cild-

139 2700 159 2740 »
170 2683 261 2744 misso
274 2683 382 2756 semei,
397 2685 439 2744 ait
447 2687 476 2747 S.
491 2686 687 2764 Augustinus,
698 2685 730 2742 in
740 2688 854 2742 tantum
863 2680 1045 2741 auctoritatis
1055 2679 1207 2761 fastigium

139 2785 159 2826 n
172 2769 273 2846 aliquo
283 2769 456 2843 mendacio,
467 2772 548 2832 nulla
565 2772 710 2830 librorum
726 2769 845 2829 illorum
858 2765 1004 2846 particula
1021 2764 1204 2834 remanebit,

140 2873 161 2913 a
174 2875 240 2933 qum
252 2875 312 2917 non
321 2865 469 2938 uteunque
480 2859 632 2922 ridebitur
641 2858 692 2920 vel
702 2857 847 2918 admones
856 2851 997 2927 difficilis,
1007 2852 1057 2914 rel
1066 2852 1105 2913 ad
1116 2851 1207 2912 iidem

142 2943 391 3004 »incredibilis'.
407 2965 422 3000 n

483 3063 500 3133 s
511 3067 553 3114 lli.
564 3091 593 3102 -
603 3066 674 3115 Notio
690 3064 865 3126 inspirationis.

185 3195 236 3252 26.
250 3199 374 3260 Veteres
388 3200 490 3260 Patres
502 3216 537 3261 ac
550 3199 665 3277 antiqui
680 3196 829 3276 theologi,
840 3193 1032 3275 generaliter,
1044 3189 1208 3251 docuerunt

110 3348 119 3359 ,
143 3282 323 3362 simpliciter
331 3286 438 3346 Libros
449 3302 548 3347 saeros
567 3303 632 3346 esse
643 3284 811 3364 inspiratos.
824 3280 884 3342 Sed
894 3296 961 3339 eum
970 3275 1082 3339 saeculo
1090 3273 1207 3334 decimo

144 3379 229 3429 sexto
239 3370 272 3429 in
281 3370 403 3431 modum
413 3373 509 3450 ipsum
519 3371 723 3452 inspirationis
732 3369 944 3449 inquireretur,
955 3363 1060 3442 duplex
1069 3359 1209 3423 distincta

146 3456 202 3516 init
214 3457 379 3533 iusptran'o.

182 3543 282 3602 Prima
293 3550 325 3603 et
334 3543 455 3622 proprie
465 3541 545 3603 dieta
556 3541 712 3620 inspiratio
722 3547 768 3600 est
778 3539 929 3608 iicociotio,
941 3538 1087 3616 quaDeus
1096 3531 1208 3594 auctori

146 3626 309 3687 scribenda
318 3627 462 3689 divinitus
471 3625 654 3698 manifestat,
669 3627 818 3687 aiteracst
835 3624 985 3685 Auxilium
998 3622 1141 3687 diuinum,
1152 3634 1209 3695 quo

147 3710 224 3773 ileos
236 3720 404 3784 auctorem,
416 3731 464 3773 res
478 3713 522 3772 illi
534 3712 654 3772 aliunde
669 3721 754 3773 notas
764 3713 960 3776 scribentem,
971 3710 1010 3769 ab
1020 3722 1122 3768 errore
1136 3722 1212 3784 prte-

145 3802 256 3859 tervat.
277 3800 364 3857 lianc
384 3813 449 3858 csse
467 3799 589 3877 proprie
608 3799 737 3876 Spiritus
759 3798 852 3858 sancti
874 3793 1072 3857 assistentiam
1095 3806 1212 3851 errores

88 3936 93 3943 .
123 3962 128 3969 Ι
145 3883 361 3967 maerentis,
373 3900 433 3942 non
444 3901 516 3943 vero
526 3884 680 3961 propriam
693 3883 935 3958 inspirationem,
951 3894 1020 3939 cum
1033 3876 1109 3937 nihil
1120 3876 1212 3957 inspi-

88 3978 100 4055 .“Ι
144 3966 207 4045 Μ,
223 3989 289 4033 rem
303 3968 504 4049 perpendenti
520 3976 613 4047 patet.

88 4092 101 4167 ξ
175 4104 296 4175 uagust,
307 4105 386 4171 rpus
397 4106 621 4173 udliieronymuru.

88 4194 103 4253 i

88 4256 132 4527 ἱ
206 4606 212 4617 ,
