2716 4838
468 471 656 521 einnonem
673 472 876 524 secunaum
1150 478 1207 532 -tte

97 604 99 611 .
166 559 359 622 adamnanum
376 575 468 638 qnam
488 563 603 623 David:
622 564 668 625 sio
688 565 804 628 Ctesias
820 562 937 627 narrat
956 568 1205 648 Sardanapalmn,

165 662 240 728 regem
249 646 412 726 Assyriaea
428 647 701 711 Nabonassareseu
712 651 830 721 Belesi,
844 659 877 713 et
887 652 1008 714 Arbace
1025 653 1032 676 ¹
1048 655 1082 715 in
1096 656 1207 719 Ninive

162 734 393 805 obsessumleonl.
405 751 437 794 n.
450 733 529 810 001),
547 752 582 798 se
602 753 671 797 eum
679 738 740 799 suis
753 739 991 811 eombmnnum,
1007 759 1024 798 u
1039 742 1208 806 millionem

162 821 343 883 »mentorum
360 821 441 888 auri,
455 819 563 882 decem
577 822 732 885 milliones
742 825 924 886 talentorum
937 827 1071 904 argenti,
1085 836 1207 891 eentum

159 907 379 988 »qunquaginta
399 906 493 967 lectos
505 922 627 977 aureos,
642 916 673 968 et
684 910 811 970 totidem
829 927 948 972 mensas
964 928 1083 983 aureus,
1095 921 1170 986 ete„
1188 937 1205 973 n

97 1020 99 1025 ·
158 995 338 1056 inaccensum
347 1008 454 1070 rogum
472 993 584 1071 conjici
592 994 729 1071 jussisse,
743 994 1108 1078 filiisqueaulugientibus
1119 1021 1135 1058 n
1147 1002 1206 1064 tria

157 1084 254 1143 »millia
266 1082 449 1142 talentorum
460 1080 525 1139 auri
539 1079 659 1141 dedisse
671 1081 693 1142 ².
708 1103 724 1138 n

178 1170 347 1247 ltabalipa,
371 1166 494 1227 ultimus
522 1183 578 1226 rex
606 1169 740 1246 regionis
764 1164 890 1241 Peren,
910 1170 1111 1248 Hispanorum
1134 1174 1205 1235 dnei

153 1255 246 1319 lirano
259 1257 293 1316 in
310 1254 358 1317 sui
370 1252 612 1332 redemptionem
625 1261 672 1314 tot
683 1272 754 1317 vasa
767 1272 857 1316 aurea
871 1261 902 1316 et
917 1263 1061 1335 argentea
1077 1260 1204 1334 obtulit,

152 1353 203 1423 pot
220 1360 330 1424 capere
351 1348 472 1423 poterat
488 1341 556 1400 aula
573 1341 763 1414 salutatoria,
785 1343 817 1403 in
835 1359 895 1420 qua
910 1361 979 1405 eum
991 1344 1111 1407 Pizarro
1128 1356 1202 1410 erat.

149 1432 244 1497 linere
267 1437 384 1498 autem,
407 1426 492 1487 hisee
513 1444 575 1487 non
597 1435 771 1502 contentus,
797 1429 905 1490 urbem
924 1428 1021 1493 Cnseo
1042 1433 1202 1513 spoliavit,

150 1534 241 1599 aqna
256 1517 352 1628 mplto
370 1515 438 1594 plus
456 1512 521 1574 auri
535 1520 566 1574 et
584 1515 702 1593 argenti
720 1516 857 1588 abstulit,
882 1533 971 1595 quam
992 1520 1154 1600 Atabulipa
1172 1523 1203 1583 ei

148 1606 278 1669 obtulerat
306 1649 314 1664 .
419 1604 425 1616 ‘

169 1687 419 1759 matinanta,
431 1686 598 1768 l8legitur,
612 1689 738 1750 classem
750 1688 904 1753 Salomoni
914 1704 952 1750 ex
961 1688 1059 1770 Ophir
1067 1694 1204 1757 attulisse

143 1779 395 1863 tlttatenuauri,
562 1853 566 1860 ⁸
683 1853 687 1859 ⁴

167 1870 221 1935 sed
241 1868 302 1929 hoc
324 1862 508 1926 incredibile
528 1861 610 1922 haud
630 1868 690 1932 est,
703 1853 951 1923 'cmn'notorium
970 1864 1010 1924 sit
1044 1865 1203 1943 regionem

97 1964 100 1981 '
142 1956 220 2039 ophir
240 1955 308 2018 auri
327 1953 419 2014 luisse
437 1950 667 2011 feracissimam.
690 1948 837 2026 Quaenam
858 1956 959 2010 autem
979 1951 1020 2012 sit
1041 1950 1099 2012 ista
1117 1954 1202 2031 regio

141 2046 236 2129 dplrir,
256 2046 340 2105 inter
357 2041 492 2102 eruditos
509 2055 571 2099 non
590 2037 744 2099 convenit.
764 2037 827 2097 Alii
840 2037 989 2098 dixerunt
1026 2055 1094 2100 eam
1111 2039 1202 2103 tuisse

141 2144 239 2217 prtem
252 2130 423 2201 Armeniae,
437 2129 490 2189 alii
508 2127 667 2207 regionem
685 2127 799 2197 Percu,
815 2126 867 2186 alii
881 2128 1015 2189 Auream
1032 2127 1203 2192 Chersone·
1309 2132 1312 2137 '

138 2238 188 2287 m
205 2222 300 2285 bodie
313 2220 430 2280 Malaca
442 2215 638 2296 adpellatam,
649 2214 702 2275 alii
715 2215 774 2275 alia
784 2216 899 2294 opinati
911 2222 980 2277 sunt
993 2215 1017 2280 ⁴.

137 2344 419 2417 llum-Exercitus
429 2342 490 2393 abta
500 2344 526 2393 et
536 2343 674 2403 Jeroboum,
683 2341 728 2390 Asa
739 2343 766 2390 et
775 2339 845 2404 Zeia,
855 2342 979 2404 iosaphat.
991 2336 1103 2394 ochoziae
1112 2342 1201 2395 solium

528 2412 715 2462 conscendentis
725 2414 792 2460 natas.

159 2531 227 2588 mr.
236 2531 267 2591 11
277 2525 376 2590 Paral.
388 2524 435 2594 15,
446 2523 495 2583 50
504 2522 648 2592 relertm,
660 2521 896 2599 Abiam,rcgem
908 2521 1005 2591 Juda,
1024 2541 1093 2584 curn
1113 2540 1200 2585 crer-

137 2614 319 2683 6111100000
330 2614 464 2673 virorum
476 2606 497 2676 ,''
509 2610 676 2669 electorum
698 2606 835 2685 praelium
856 2607 961 2666 iniisse
982 2606 1125 2669 adversus
1144 2613 1200 2671 Je-

135 2703 258 2773 ntem,
272 2702 379 2776 rc'gem
398 2696 558 2759 Israelitis,
577 2693 744 2752 habentem
759 2690 1041 2761 800,000vironnn,
1062 2699 1094 2751 et
1112 2690 1142 2755 'v.
1163 2696 1200 2756 17

136 2784 229 2871 lentur
240 2787 365 2858 500000
378 2784 417 2846 de
431 2784 568 2844 exercitu
580 2780 746 2842 Jeroboam
759 2777 917 2859 corruisse.

163 2876 231 2941 orn
249 2875 340 2937 ambo
360 2873 412 2934 isti
433 2870 583 2932 exereitus
602 2883 640 2928 ex
652 2865 768 2925 Judaeis
781 2862 950 2924 Palaestinae
969 2866 1145 2944 compositi,
1156 2869 1200 2930 ita

139 2958 506 3030 memissentluoouoe
515 2956 705 3023 bellatorum,
716 2951 801 3012 aiunt
810 2951 872 3021 alii,
883 2959 1044 3031 regestum
1053 2957 1199 3034 temporis

140 3062 306 3113 menos
318 3044 521 3116 subditos,ad
531 3058 613 3103 arma
624 3039 751 3101 serenda
761 3038 910 3118 aptos,ad
921 3039 1036 3098 bellum
1046 3045 1197 3120 coegisse,

141 3132 256 3201 sltem
272 3135 432 3198 adfirmant
455 3130 600 3191 mendum
614 3127 840 3188 amanuensium
849 3126 882 3184 in
893 3132 1007 3184 textum
1020 3127 1196 3206 irrepsisse:

126 3224 254 3287 moratu
268 3223 394 3286 codices
405 3216 617 3297 manuscripti,
633 3221 665 3274 et
681 3213 768 3292 plum
780 3212 881 3272 Biblia
900 3211 980 3288 typis
997 3213 1152 3286 mandata,
1165 3225 1200 3280 ut

97 3340 100 3355 ·
118 3368 124 3377 ,
138 3300 296 3381 Μαι).
308 3308 382 3387 1178
391 3313 423 3367 et
435 3303 578 3376 an.‘ll89,
592 3300 794 3379 Nuremberg
811 3315 859 3359 an.
873 3297 955 3369 ital,
971 3298 1062 3360 Basil.
1076 3300 1197 3367 Froben

136 3384 262 3473 ΕΜ,
272 3395 368 3457 Paris.
378 3393 458 3454 Rob.
470 3391 575 3470 Steph.
587 3407 635 3450 an.
648 3387 720 3449 11106
731 3394 761 3448 et
770 3386 856 3467 plura
866 3386 936 3456 alia,
946 3404 976 3447 v.
987 3385 1049 3459 511,
1061 3386 1198 3451 tribuunt

133 3511 140 3548 t
163 3541 188 3568 β.
241 3483 320 3557 ,000
331 3488 362 3542 et
371 3480 554 3539 Jeroboamo
567 3475 672 3546 80,000
681 3474 847 3535 bominum.
858 3475 958 3535 Versu
968 3480 1068 3534 autern
1078 3473 1114 3534 17
1122 3490 1197 3536 non·

173 3627 177 3644 ,
201 3612 205 3618 -=
217 3570 370 3633 editiones
379 3565 480 3626 latinae
490 3564 596 3642 legunt
607 3562 711 3632 50000
723 3560 762 3623 de
774 3558 918 3622 israelitis
927 3561 1087 3624 corruisse.

110 3643 137 3744 if
234 3658 262 3717 11
271 3654 369 3716 Paret,
382 3651 464 3720 tint,
474 3650 504 3721 8,
515 3649 551 3709 15
561 3650 751 3730 legitur,Asa
761 3664 865 3726 regem
875 3647 962 3708 Judae
970 3645 1195 3709 exereitnmha·

132 3749 138 3818 J
153 3723 185 3822 f,
212 3785 214 3790 -
240 3740 366 3810 1180000
388 3737 560 3806 hominum,
582 3753 680 3814 coque
699 3736 738 3795 ad
760 3735 1002 3794 internecionem
1015 3733 1194 3809 percussisse

124 3827 139 3870 ’ἵ
149 3827 159 3900 J
183 3820 197 3905 ’,
218 3857 274 3882 wo·
296 3824 449 3901 1,000,000
460 3824 640 3885 bellatorum
652 3826 738 3893 Zara,
752 3821 835 3899 regis
847 3821 1026 3900 AEthiopiae.

100 3921 136 3981 ‘⁸'
154 3985 158 3992 ,
204 3973 205 3976 =
232 3937 423 3999 mutuaris,
438 3937 504 3986 inter
517 3936 675 3997 chronologos
686 3933 804 3995 celebris,
821 3933 939 3995 incipite
957 3939 1047 3982 ranno
1058 3927 1112 3994 eins
1125 3935 1195 3998 regul

98 4052 112 4067 ..
126 4005 127 4008 ¹
143 3987 144 3990 Ἴ
175 3989 182 4018 ¹
205 4004 217 4073 ¹,
241 4011 292 4077 ,cl
301 4022 366 4060 anno
376 4009 420 4057 707
431 4009 489 4056 ante
500 4018 573 4055 eram
583 4000 873 4066 emerem-’ctesias
884 4005 911 4050 in
922 4002 1065 4063 lrngmento.
1074 4000 1124 4040 -i
1134 4007 1194 4056 Vide

97 4082 110 4157 ’ζ
133 4125 162 4146 ,
224 4102 226 4119 κ
248 4080 333 4138 ,nist
344 4080 380 4132 du
388 4078 491 4142 monde,
503 4077 564 4127 tom.
574 4073 604 4126 0.
614 4076 658 4127 lib.
668 4075 699 4139 8,
710 4070 1081 4143 ειμι-1000000000
1092 4076 1194 4145 regione

1045 4213 1080 4266 lt.
1115 4248 1120 4265 .
