2708 4846
455 455 642 506 tritonum
657 455 857 507 sicoottt'tt.
1148 458 1196 510 m

117 545 145 601 et
160 538 322 602 desinebat
339 537 416 599 hora
433 536 524 598 tertia
534 539 756 616 pomeridiana,
770 547 802 600 et
815 557 897 600 oona
908 540 1108 602 inchoabatur
1119 537 1194 600 hora

116 625 218 695 tertio,
232 631 266 686 et
280 621 409 767 durabat
420 638 517 700 usque
528 622 569 685 sd
580 630 697 687 sextam
706 625 910 704 vespertinam
919 623 932 703 (
941 626 1020 686 coni.
1033 626 1128 686 Maro.
1142 624 1194 696 ts,

116 709 164 783 553
178 709 300 781 Acti,
314 708 367 780 153
401 707 577 780 ‚t;to,5.

146 793 181 858 2⁰
188 794 378 861 Diridebaot
389 793 514 855 Hebraei
526 708 609 855 di)em
618 795 652 856 io
664 794 827 860 duodecim
840 797 946 871 horae,
960 815 1088 877 quarum
1098 798 1195 877 prima

116 887 228 944 osexta
238 880 388 942 matutina
400 896 495 959 usquo
511 879 551 942 ad
568 882 743 960 septimam,
757 889 789 943 et
801 882 1011 944 duodecimae
1028 883 1133 961 quinta
1143 901 1196 962 po-

116 967 283 1030 meridiana
294 982 390 1045 usquo
401 967 441 1027 ad
452 973 570 1029 sextam
581 967 786 1044 vespertinam
798 967 937 1030 durabat.

147 1055 219 1115 Jam
230 1070 307 1114 vero
318 1053 439 1114 Marcus
450 1070 522 1114 usus
533 1059 580 1114 est
590 1052 687 1130 priori
698 1052 789 1114 modo
798 1054 979 1115 numerandi
990 1053 1091 1122 horas,
1103 1059 1139 1115 ut
1150 1058 1196 1116 sat

116 1138 211 1219 liquet
218 1138 317 1208 erit,
326 1137 375 1210 55,
383 1137 439 1199 ubi
447 1138 492 1199 ait
502 1157 510 1197 ε
520 1137 604 1214 forto
611 1136 688 1200 itero
697 1144 796 1211 sexta,
810 1155 866 1200 seu
878 1139 969 1199 tertia
978 1137 1194 1217 pomeridiana.

116 1225 235 1286 tertebroe
256 1224 345 1302 foetae
367 1231 434 1286 sont
452 1241 508 1302 per
525 1228 616 1284 totam
637 1230 767 1293 onom,
788 1240 878 1302 usqae
897 1224 930 1282 s'o
950 1223 1056 1285 horam
1074 1238 1194 1292 nonom3

116 1312 249 1374 ioannes
260 1317 362 1371 autem
378 1310 581 1388 posteriorem
594 1307 719 1370 modum
736 1309 920 1371 recensendi
935 1310 1025 1371 horas
1040 1307 1195 1385 adhibuit3

116 1411 207 1475 poare
216 1395 303 1474 juxta
314 1396 451 1456 Marsum
463 1393 601 1457 Christro
612 1394 704 1455 tertio
716 1394 862 1467 trihorio,
872 1412 928 1457 seo
943 1394 1020 1455 hora
1029 1391 1197 1455 meridiana

116 1479 276 1544 crucifixus
287 1487 349 1553 est,
365 1487 398 1542 et
411 1479 497 1560 juxta
507 1481 658 1541 Joanoem
668 1481 752 1543 cirea
767 1481 876 1542 horam
886 1489 1020 1553 sermm,
1033 1495 1090 1542 seu
1102 1478 1197 1540 meri-

116 1565 246 1637 dianam,
259 1566 299 1628 ad
310 1573 441 1628 mortem
453 1565 622 1639 damnatus,
636 1570 669 1628 et
680 1564 720 1629 td
730 1566 911 1647 supplicium
918 1567 1015 1630 erucis
1025 1565 1132 1629 ductus
1140 1563 1197 1625 fuit

116 1653 212 1730 [oeni.
228 1653 338 1717 Matth.
352 1653 400 1724 20,
416 1653 444 1724 ὅ,
458 1653 487 1723 t,
500 1651 548 1732 9).

148 1739 290 1800 stabilita
302 1739 461 1800 authentia
469 1738 630 1801 Librorum
639 1754 793 1803 sacrorum
800 1743 913 1804 veteris
923 1759 959 1805 ae
969 1739 1195 1806 rememores,

116 1826 391 1904 puaestiooibusque
404 1825 462 1887 hoo
475 1832 579 1886 nostro
594 1844 660 1888 aevo
674 1827 754 1888 scitu
763 1828 897 1890 maxime
909 1826 1090 1890 necessariis
1106 1824 1137 1886 ei
1147 1824 1198 1886 in-

116 1910 216 1985 sertis,
228 1911 270 1974 ad
280 1918 373 1991 eaput
385 1918 526 1990 quartum
535 1912 782 1977 Hermeoeuticae
794 1913 1017 1994 progredimur.
