2708 4846
412 482 592 532 ttttttoltt'tt
608 483 801 533 stelionum
1114 483 1146 534 29

69 580 170 659 patet,
181 575 212 637 S.
223 574 349 636 Paulum
359 593 461 638 omnes
471 578 583 640 veteris
592 578 727 639 Foederis
739 578 833 638 libros
843 579 876 637 ut
885 589 902 636 a
910 576 975 636 Deo
986 573 1144 654 inspiratos

71 665 224 726 habuisse.
965 676 967 681 ’

111 753 161 807 stt.
171 752 225 808 lll.
238 748 333 807 Vetus
344 747 479 807 Ecclesia
489 764 506 808 a
516 747 636 811 Christo
648 754 679 807 ct
687 748 725 807 ab
736 749 808 827 ipsis
818 744 969 828 Apostolis
980 748 1142 818 instructa,

73 837 304 918 inspirationem
327 834 488 895 librorum
506 853 656 895 sacromm
678 836 792 897 veteris
813 836 948 897 Foederis
970 836 1050 895 inter
1073 834 1145 899 fidoi

74 922 213 986 articulos
223 920 359 982 unanimi
369 936 517 980 consensu
527 922 646 992 retulit,
660 927 693 979 ut
704 920 775 982 fidoi
785 921 921 999 symbola
930 921 1144 998 antiquissimae

75 1008 216 1071 Ecclesiae
242 1014 397 1068 testantur.
420 1005 503 1065 ldem
525 1005 621 1083 liquet
640 1024 678 1066 ex
699 1007 849 1086 Apologia
869 1006 1087 1085 Athenagora,
1106 1025 1145 1068 ex

72 1094 204 1157 sectmda
219 1092 370 1172 Apologia
385 1094 415 1153 S.
433 1092 546 1152 Justini
567 1093 722 1170 Martyris,
745 1111 783 1152 ex
797 1096 827 1153 S.
848 1092 955 1153 lrenaei
967 1092 1002 1152 L.
1013 1092 1041 1151 l.
1056 1094 1091 1156 C.
1108 1094 1145 1156 to

70 1181 334 1250 contrahamus,
348 1187 437 1257 atque
449 1194 485 1238 ex
498 1178 676 1238 Praelatione
691 1178 833 1258 Origenis
846 1180 879 1240 in
892 1180 986 1242 libros
998 1194 1142 1258 Περιαρχωι,

70 1268 115 1329 De
127 1266 297 1349 principiis.

235 1396 325 1465 grid.
336 1422 365 1433 -
376 1397 443 1445 Libri
454 1408 537 1445 omncs
547 1397 605 1446 nori
616 1397 723 1446 Foedcris
734 1410 748 1446 a
758 1399 810 1447 Deo
820 1400 931 1458 inspirati
943 1407 1007 1452 sunt.

105 1519 157 1574 5¹1.
170 1517 196 1575 l.
212 1514 348 1577 Christus
359 1515 488 1592 Legatos
500 1512 637 1584 divinus,
650 1514 788 1590 Deusque
799 1515 882 1594 ipse,
893 1519 1054 1597 Apostolos
1063 1522 1145 1583 misit

71 1621 107 1665 eo
119 1602 229 1673 modo,
243 1617 302 1678 quo
316 1601 381 1677 ipso
398 1618 415 1659 a
430 1601 518 1659 Patre
534 1617 587 1660 suo
611 1601 719 1661 missus
735 1602 850 1662 luerat:
866 1624 882 1660 ι(
896 1605 974 1665 sicut
991 1609 1073 1668 misit
1094 1626 1144 1670 mo

71 1711 87 1748 r
102 1694 206 1760 Pater,
217 1710 234 1745 n
246 1689 290 1747 ait
305 1688 365 1746 iliis
378 1687 476 1762 (Joan.
487 1686 659 1762 rodi-hu),
674 1707 690 1743 s
705 1695 736 1747 et
752 1705 808 1766 ego
817 1690 905 1748 mitto
918 1709 981 1752 vos.
993 1695 1065 1753 llaec
1076 1712 1144 1755 eum

71 1780 239 1848 misisset,
254 1776 417 1836 insufflavit
429 1781 460 1833 ct
477 1774 554 1834 dixit
573 1775 617 1836 eis
632 1795 639 1833 ι
654 1776 794 1852 Accipite
811 1779 956 1855 Spiritum
970 1789 1113 1841 sanctum.
1127 1804 1143 1839 n

71 1866 171 1943 Quare
183 1865 304 1924 luerunt
318 1862 455 1940 Apostoli
474 1862 579 1936 Legati
597 1861 693 1919 divini
714 1878 730 1919 a
743 1864 808 1922 Deo
820 1864 903 1923 missi
917 1865 955 1924 ad
971 1867 1146 1930 hominibus

73 1950 195 2011 nomine
215 1948 291 2019 Dei,
308 1947 442 2007 divinam
460 1945 629 2021 Religionis
643 1946 758 2007 Christi
776 1947 946 2007 doctrinam
963 1954 1145 2015 annuntian-

74 2038 152 2098 dam.
165 2038 243 2097 ilinc
255 2035 423 2096 doctrinam
432 2049 541 2093 suama
551 2035 614 2093 Deo
625 2034 698 2092 vela
710 2033 829 2096 Christo
840 2034 953 2096 habere
963 2037 1144 2102 debuerunt.

72 2124 130 2184 Sed
143 2124 221 2183 hanc
234 2120 403 2182 doctrinam
415 2119 588 2179 hominihus
600 2119 666 2178 sine
680 2120 801 2180 errandi
815 2121 951 2198 periculo
963 2123 1085 2184 tradere
1097 2127 1146 2186 in·

71 2210 239 2271 lallibiliter
248 2225 310 2268 non
325 2207 506 2285 potuissent,
519 2205 579 2265 nisi
591 2208 672 2265 Deus
685 2206 746 2266 illis
759 2206 951 2284 loquentibus
964 2217 995 2269 et
1006 2213 1146 2274 scriben-

71 2297 149 2358 tibus
160 2296 201 2357 de
209 2292 484 2372 Religionoignota
495 2292 717 2364 revelasset‚et
728 2293 760 2353 in
770 2294 892 2354 aliunde
902 2297 982 2356 notis
992 2298 1030 2357 ab
1041 2315 1145 2361 errore

71 2388 296 2462 pracserrasset3
310 2377 438 2459 proinde
455 2394 521 2455 quae
535 2378 676 2438 dixenmt
691 2386 723 2438 et
743 2380 929 2456 scripserunt
943 2383 982 2443 de
995 2383 1145 2464 religione
1233 2406 1236 2411 ·

72 2468 208 2549 Apostoli
242 2484 278 2528 ac
303 2465 521 2543 Evangelistae,
550 2463 695 2525 divinitus
722 2466 867 2545 inspirata
901 2468 1029 2530 luerunt.
1054 2473 1145 2533 Adde

71 2557 182 2634 scripta
198 2554 231 2614 S.
248 2551 362 2621 Marci,
381 2550 433 2627 qui
450 2551 612 2627 Apostolus
628 2568 689 2609 non
705 2550 774 2620 luit,
789 2568 806 2610 a
824 2553 854 2610 S.
872 2552 977 2623 Petro,
996 2561 1027 2613 et
1047 2557 1099 2616 illa
1112 2560 1143 2619 S.

71 2640 175 2711 Lucre,
186 2641 238 2719 qui
248 2639 362 2718 pariter
371 2636 532 2713 Apostolus
541 2654 603 2696 non
617 2637 688 2707 init,
702 2640 761 2698 aS.
773 2640 877 2708 Paulo,
889 2647 919 2698 et
932 2639 1019 2718 hujus
1034 2644 1145 2722 scripta

72 2728 130 2788 aS.
143 2728 237 2787 Petro
259 2723 422 2801 approbata
434 2721 541 2791 fuisse,
555 2730 588 2782 ut
605 2722 730 2782 historia
751 2724 914 2800 primitivae
931 2725 1090 2798 Ecclesia,
1114 2736 1146 2789 et

73 2813 110 2872 ll.
121 2811 204 2871 Petri
215 2810 247 2877 5.
257 2806 392 2868 lbsrdem
401 2806 524 2867 iaciunt.

108 2902 158 2954 58.
177 2893 549 2965 11.ltatthaeit0,tsao,
567 2893 704 2957 Christus
718 2894 872 2973 Apostolis
887 2914 894 2955 :
910 2916 924 2950 o
941 2895 990 2955 Ad
1002 2898 1146 2974 praesides

74 3004 91 3041 r
106 2993 137 3044 ct
145 2999 249 3062 reges,
262 2978 378 3058 inquit,
392 2980 544 3040 ducemini
557 2989 680 3059 propter
691 2998 758 3051 me,
773 2984 805 3040 in
821 2984 1026 3043 testimonium
1040 2985 1101 3045 illis
1114 2994 1146 3046 et

77 3068 254 3147 rigentibus.
274 3066 374 3142 Quum
393 3073 494 3126 autem
512 3064 633 3125 tradent
650 3083 718 3134 vos,
732 3068 828 3125 nolite
845 3067 978 3144 cogitare
995 3070 1144 3142 quomodo

78 3174 94 3210 r
106 3160 158 3214 aut
166 3152 236 3230 quid
244 3153 426 3230 loquamini:
439 3151 560 3211 dabitur
569 3152 651 3210 enim
661 3150 748 3210 vobis
757 3152 789 3208 in
798 3152 851 3210 illa
862 3151 951 3218 hora,
963 3152 1035 3226 quid
1045 3153 1146 3229 loqua-

75 3241 188 3301 amini.
208 3241 277 3301 Non
296 3233 378 3300 enim
399 3256 452 3299 vos
470 3239 557 3308 estis,
575 3238 627 3315 qui
648 3237 823 3313 loquimini,
838 3237 892 3297 sed
908 3235 1039 3314 Spiritus
1054 3241 1147 3316 patris

75 3326 212 3397 sivestri,
222 3324 416 3403 quiloquitur
428 3326 460 3385 in
472 3325 572 3384 vobis.
587 3344 602 3378 r
615 3325 646 3383 Si
660 3324 753 3401 igitur
760 3323 845 3399 juxta
855 3322 934 3382 hune
951 3329 1064 3382 textum
1078 3325 1147 3401 Spi-

74 3411 147 3473 ritm
165 3417 285 3472 sanctus
295 3409 490 3486 inspiraturus
501 3416 565 3467 erat
573 3408 725 3485 Apostolis
734 3407 808 3484 quid
818 3407 856 3467 dc
864 3408 1024 3485 Religione
1033 3408 1146 3471 Christi

74 3498 250 3576 interrogati
274 3495 493 3576 responderent
503 3496 672 3573 jndicibus,
692 3501 803 3571 quanto
820 3495 916 3572 magis
929 3495 1065 3572 inspirati
1080 3511 1146 3556 esse

74 3584 260 3656 debuerunt,
277 3583 495 3646 conscribendo
512 3583 607 3642 libros
624 3582 662 3641 ad
681 3582 910 3641 conversionem
926 3589 956 3641 ot
974 3583 1147 3642 instructio-

74 3670 549 3739 nemomniumhominun13cum
564 3668 596 3727 id
614 3667 706 3726 multo
723 3669 817 3745 magis
832 3668 1033 3728 necessarium
1051 3676 1145 3741 esset,
1192 3660 1195 3667 ’

65 3755 111 3833 ΙιιΙ
121 3756 259 3818 divinum
272 3756 432 3817 consilimn
447 3770 550 3813 omnes
567 3752 706 3813 homines
720 3753 758 3813 ad
772 3770 875 3813 veram
886 3754 943 3813 Dei
961 3751 1145 3829 agnitionem

62 3840 259 3927 jssldttcendi‚
277 3840 449 3900 executioni
461 3839 680 3899 mandandum?

10 3944 18 3987 .·.
105 3928 157 3988 ω.
172 3930 227 3992 ill.
242 3930 384 3988 Testatur
400 3926 432 3988 id
452 3924 535 3986 idem
552 3928 665 3985 Doctor
677 3924 821 3984 Gentium
843 3927 865 3983 l.
885 3924 1069 3999 Corinthi,
1086 3927 1120 3985 t5
1135 3943 1161 4000 ιι

67 4012 293 4085 ,ιΝοιιιιιῑοιιι,
304 4012 417 4090 inquit,
432 4028 494 4072 non
510 4011 647 4090 spiritum
660 4009 747 4088 hujus
765 4009 870 4069 mundi
889 4011 1073 4089 acecpimus,
1092 4010 1146 4072 sed

10 4084 19 4147 ἶ
73 4102 256 4187 inpiatum,
274 4100 332 4180 qui·
343 4116 382 4166 ex
401 4101 545 4177 Dooest,
562 4104 596 4160 ut
611 4096 739 4161 sciamus
754 4110 858 4174 quasa
879 4096 944 4161 Deo
960 4096 1070 4161 donata
1085 4097 1148 4158 sint
1206 4134 1212 4143 ,
