2708 4846
143 450 190 508 tta
470 480 484 518 .·
542 454 593 534 'nr
610 446 814 519 turpantur·
869 487 875 498 .

179 553 263 628 hosp.
275 549 308 611 {⁰
321 550 354 612 st
366 543 447 611 inter
458 549 532 612 duos
544 551 742 611 Hebraeorum
753 541 924 619 milliones,
933 540 1039 626 spoliis
1051 546 1209 627 AEgyptio·

142 655 210 699 rum
226 642 415 706 onustorum,
428 643 543 696 tantum
554 634 677 707 ltouoo
686 636 865 695 feminarum
873 632 1014 704 finissent,
1027 632 1209 713 singulaeque

141 739 232 784 unam
249 722 401 784 dumtaxat
417 722 482 782 auri
499 721 672 782 drachmam
684 721 839 799 (octavam
856 727 974 799 partem
986 719 1105 795 uneiae)
1118 720 1209 785 dedis·

140 815 225 880 sent,
238 805 341 880 lb,000
351 805 561 867 drachmarum
571 807 636 866 auri
648 807 732 868 idolo
741 805 823 868 haud
830 821 939 886 magno
948 802 1209 887 conficiendopro

140 893 429 956 feetcsuifecissent.

176 980 209 1041 2⁰
232 981 352 1058 Moyses
371 978 482 1039 nullibi
499 976 577 1054 dicit
594 984 741 1038 terrorem
756 978 794 1039 ad
810 977 921 1058 pedem
936 978 1047 1039 montis
1067 977 1210 1059 Sinalper

138 1067 243 1148 plures
260 1063 468 1126 hebdomades
489 1063 622 1126 durasse.
637 1065 791 1125 Terribile
813 1066 871 1125 hoc
889 1064 1094 1143 spectaculum
1105 1064 1211 1126 dudam

139 1159 319 1213 cessaverat.
333 1150 393 1212 Sed
407 1167 476 1211 cum
487 1151 622 1230 Moyses,
640 1152 827 1229 caeteroquin
840 1169 858 1211 a
869 1158 971 1210 monte
982 1148 1088 1211 redire
1099 1150 1210 1225 solitura,

132 1254 244 1298 mense
256 1237 376 1313 integro
394 1235 504 1296 absens
517 1243 610 1305 essm,
624 1236 780 1307 Israelitis,
793 1237 879 1314 quasi
889 1234 1045 1297 derelictis
1059 1242 1092 1296 et
1104 1235 1144 1297 ad
1154 1235 1212 1299 ido·

137 1323 288 1384 lolatriam
298 1329 362 1381 tum
372 1322 433 1382 late
446 1321 651 1383 dominantem
662 1324 915 1402 propensissimis,
926 1330 972 1383 sat
980 1339 1080 1384 causae
1093 1323 1213 1386 videba-

138 1406 1211 1486 tur,sibiidolum,cujusmodiapudAEgyptiosviderant‚conficiendl,

137 1503 173 1558 ut
180 1496 254 1574 ipsis
263 1501 414 1572 tamquam
424 1493 484 1553 dux
497 1493 527 1552 in
541 1492 661 1553 deserto
676 1503 763 1552 esset.

174 1580 207 1640 5⁰
226 1582 342 1641 hurum
354 1594 411 1657 per
420 1578 464 1638 sal
479 1577 583 1637 tartari
604 1577 740 1655 sulphuri
760 1579 886 1637 mixtum
898 1577 1022 1638 dissolvi
1036 1582 1069 1638 et
1081 1578 1213 1657 potabile

137 1665 243 1737 reddi,
255 1664 392 1743 pluribus
404 1663 602 1742 experientiis
612 1664 753 1741 probavit
762 1664 801 1723 cl.
811 1663 965 1740 chymicus
977 1663 1074 1725 Stahl.
1086 1664 1214 1728 Celeher

138 1754 235 1814 Senac
252 1752 367 1830 pariter
383 1767 488 1810 aumm
505 1749 640 1829 potabile
657 1749 802 1810 reddidit.
815 1750 879 1809 Alii
899 1750 1031 1829 chymici
1048 1767 1156 1812 aurum
1166 1768 1214 1832 po-

137 1835 1214 1918 tabilereddiderrmtopenatri(nctrott),quodpropeNiltuninmsgnr

137 1920 1213 2004 copiareperitur.Moyseslsraalitarumidolotatriammagispunironon

136 2016 270 2091 poterat,
284 2026 374 2086 quam
390 2009 464 2086 ipsis
475 2007 535 2068 hoc
552 2024 657 2067 aurum
674 2005 852 2068 dissolutum
864 2008 896 2068 in
911 2013 1017 2087 potum
1026 2008 1140 2083 dando,
1151 2024 1215 2072 cum

136 2095 307 2173 hujusmodi
322 2112 424 2156 aurum
434 2100 554 2171 gustum
564 2093 780 2152 amarissimum
788 2093 1090 2155 habeat¹.Caetermn
1098 2096 1215 2175 Moyses

137 2198 243 2241 aurum
257 2182 300 2239 ita
312 2179 478 2239 dissolvere
493 2178 642 2238 didicerat
653 2178 685 2236 in
698 2178 847 2255 AEgypto,
859 2179 912 2237 ubi
921 2179 1073 2242 Diodorus
1084 2182 1213 2256 siculis,

138 2265 380 2344 Agatharchides
396 2264 509 2341 aliique
526 2270 687 2334 testantur,
699 2271 795 2322 artem
807 2264 1008 2337 dissolvendi,
1019 2266 1217 2346 purificandi-

138 2366 197 2427 que
205 2349 326 2410 metalla
334 2349 426 2427 longo
437 2354 573 2425 tempore
584 2356 654 2407 ante
669 2349 795 2424 Moysen
806 2351 958 2427 cognitam
967 2351 1070 2415 luisse.

174 2434 205 2493 11⁰
216 2434 333 2495 idolum
344 2433 424 2494 istud
436 2450 561 2511 parvum
573 2433 642 2505 fuit,
656 2451 725 2494 cum
738 2435 881 2494 Israelitae
891 2437 950 2496 sibi
964 2437 1038 2498 illud
1050 2440 1082 2498 in
1096 2439 1216 2502 deserto

138 2520 275 2599 praeferri
283 2519 409 2581 vellent.
419 2521 479 2579 Ars
487 2519 638 2579 hodierna
652 2520 749 2598 ipsum
760 2520 858 2580 tribus
873 2521 991 2594 dicbus,
1003 2523 1042 2583 ad
1054 2541 1215 2599 summum,

138 2605 327 2667 coniecisset.
344 2605 463 2666 Falsum
475 2612 521 2666 est
533 2605 565 2664 in
580 2604 683 2665 Exodo
697 2605 783 2665 innui
798 2605 876 2666 illud
890 2608 978 2668 unico
989 2609 1041 2669 die
1054 2612 1217 2673 conflatum

136 2689 239 2753 tuisse
253 2691 372 2768 Quanto
385 2698 521 2769 tempore
535 2691 697 2751 conflatum
707 2692 746 2751 sit
756 2692 920 2770 ignoratur.

174 2774 206 2835 5⁰
222 2777 348 2836 Minime
365 2775 398 2837 id
413 2776 597 2858 incredibile
615 2785 675 2848 est3
693 2795 763 2837 nam
781 2777 881 2838 Judaei
898 2778 978 2837 inter
993 2780 1217 2843 solemnitatem

138 2859 264 2922 choreas
278 2862 376 2922 adhuc
395 2861 550 2931 ducentes,
564 2862 705 2923 videntes
716 2862 825 2939 justam
839 2862 1081 2940 indignationem
1092 2867 1215 2944 Moysis,

138 2946 255 3007 tabulas
275 2947 352 3025 legis
371 2948 553 3026 frangentis,
574 2949 760 3008 remorsibus
775 2949 969 3008 conscientiae
987 2952 1216 3029 ptmgebantur,

138 3033 381 3109 consternatique
393 3034 562 3111 pavebant;
576 3050 670 3111 quare
679 3034 789 3092 mirum
800 3050 860 3092 non
873 3040 932 3104 cst,
946 3034 1021 3094 istos
1033 3035 1170 3109 Judaeos,
1184 3052 1228 3098 sc.

138 3134 156 3177 a
171 3119 413 3180 numerosissima
433 3119 515 3179 tribu
532 3120 624 3189 Levi,
645 3125 677 3177 et
688 3119 786 3196 Moysi
806 3135 844 3178 ex
863 3119 915 3177 illa
928 3120 1056 3180 oriundo
1072 3121 1219 3183 addictis·

85 3198 91 3217 '
134 3203 227 3277 sima,
238 3204 315 3266 caedi
329 3206 511 3282 pennisisso.
524 3206 636 3264 Textus
645 3212 752 3264 autem
761 3205 917 3275 Hebraeus,
929 3206 1008 3265 LXX
1019 3207 1217 3285 Interpretet,

138 3293 291 3367 Chaldaei,
311 3295 395 3373 Syri,
409 3295 660 3364 Arabes-versio
674 3294 778 3353 italica
789 3302 819 3353 et
829 3294 858 3353 S.
870 3297 1075 3373 Mieronymus
1084 3297 1215 3375 hahent,

138 3379 238 3440 occisa
249 3378 340 3439 fuisse
352 3379 438 3449 5‚000
450 3378 516 3438 loco
531 3377 646 3448 25,000,
659 3385 692 3437 ut
706 3378 739 3437 in
753 3378 1011 3457 Vulgatalegitur.

174 3464 205 3525 6ο
220 3467 293 3525 Haec
305 3465 404 3526 caedes
415 3465 541 3524 minime
554 3463 683 3523 barbara
702 3471 761 3536 est,
776 3482 844 3524 cum
855 3466 975 3543 Moyses
986 3468 1072 3529 illam
1083 3467 1218 3533 ediderit

135 3550 221 3625 iussu
228 3551 287 3612 Dei
297 3551 335 3614 ad
346 3549 469 3613 Judaeos
478 3550 517 3610 ab
530 3548 701 3611 idololatria
717 3551 938 3614 absterrendos.

524 3681 540 3750 S
554 3686 639 3734 xxxi.
648 3686 722 3734 -De
732 3688 827 3736 Manna.

175 3805 245 3862 izi.
267 3804 410 3867 lsradlitis
424 3805 456 3865 in
476 3802 597 3867 deserto
611 3806 695 3866 Sinai
711 3807 790 3867 lame
809 3807 1031 3881 laborantibus,
1042 3803 1165 3890 hacque
1178 3809 1218 3875 ds

138 3889 226 3952 ¹trattsa
235 3891 498 3961 murmurantibus,
509 3893 590 3952 Deus
600 3908 709 3953 manna
718 3894 932 3980 miraculosum
941 3896 1064 3976 elargiri
1074 3897 1219 3977 dignatas
1231 3920 1234 3925 ·

170 3987 254 4050 ²Vlde
263 4003 380 4052 ltcuvoau
390 4014 460 4051 court
470 3999 502 4049 do
513 3993 614 4050 thimio.
