2716 4838
412 457 598 508 brunone!
616 458 819 511 SACRORUU·
1107 466 1154 515 ¹⁸50

69 546 200 626 plusque
209 547 284 608 mall
295 549 440 610 Ecclesiae
453 551 568 614 Christi
579 553 744 635 praestandi
758 569 848 633 quam
859 555 953 626 beni,
969 572 1039 617 eum
1050 559 1155 619 lnere·

69 631 135 693 duii
147 638 182 694 et
192 632 366 695 Aeatholiei
381 633 553 713 hujusmodi
569 639 745 700 arbitrariae
758 641 963 719 expositiones
981 642 1153 724 explodaut.

381 769 443 838 SV.
454 774 617 826 -Desensu
626 777 847 827 accomodatum.

103 892 179 949 02⁰.
196 893 326 954 Sensum
342 893 425 958 hune
441 912 547 957 verum
564 898 726 977 Scriptum
744 915 838 963 eeerae
857 915 979 961 sensum
998 915 1152 972 nonense,

66 978 134 1056 ipsa
146 976 212 1054 ejus
221 978 428 1042 denominatio
440 984 558 1062 prebat.
569 984 673 1044 Verba
686 1001 758 1044 vero
769 985 932 1063 scripture
943 1001 1036 1046 saerae
1048 987 1081 1046 in
1092 985 1154 1047 elio

65 1079 160 1124 sensu
171 1064 264 1124 rebus
277 1065 337 1145 piis
349 1067 496 1146 applicari
505 1084 609 1147 posse,
620 1069 790 1147 exemplum
803 1070 989 1149 Scriptorum
1001 1085 1154 1130 sacrorum

64 1147 140 1209 novi
160 1148 312 1220 foederis,
331 1158 364 1210 et
379 1152 566 1213 consuetudo
589 1154 754 1234 primomm
770 1154 891 1214 Petrum
906 1153 1051 1215 Ecclesiae
1068 1154 1158 1214 evin·

65 1242 150 1294 eunt.
172 1235 303 1316 Oportet
320 1245 422 1297 autem
438 1247 472 1299 ut
488 1255 593 1302 sensus
609 1240 887 1301 accommodatitius
912 1241 1103 1300 contineatur
1119 1240 1153 1301 iu

64 1334 159 1380 sensu
169 1319 297 1382 litterali
310 1322 574 1402 Scripturaesaerae
584 1334 736 1405 tamquam
747 1342 817 1405 pars
834 1324 867 1385 in
880 1331 961 1397 teto,
973 1324 1025 1385 vel
1037 1330 1071 1384 ut
1085 1340 1154 1405 spe-

65 1405 305 1485 eiesingenere
315 1409 367 1469 vel
376 1418 528 1490 tammam
537 1418 743 1473 connotatum.
754 1411 933 1474 Generatim
940 1426 1014 1471 vero
1024 1426 1153 1488 sequen-

65 1499 113 1552 tes
121 1499 185 1553 tres
196 1494 310 1572 regulae
323 1495 521 1559 observandae
533 1505 616 1560 sunt:

102 1576 265 1723 i'bSensus
278 1583 558 1647 accommodatitius
572 1584 669 1646 textui
687 1583 814 1646 litterali
827 1582 933 1644 ialsm
949 1598 1071 1643 sensum
1088 1596 1151 1641 nen

63 1663 136 1722 attri
160 1671 221 1724 uat.

100 1748 134 1809 Υ
147 1750 215 1811 Non
227 1759 420 1831 praeponatur
431 1755 534 1815 sensui
547 1755 691 1826 litterali,
702 1763 737 1817 ut
749 1763 854 1816 monet
866 1755 898 1815 s.
910 1753 1114 1830 Hieronymus
1128 1752 1149 1813 ¹.

100 1833 135 1894 3⁰
149 1837 332 1914 Applieetur
345 1838 438 1901 rebus
446 1839 517 1919 piis.

100 1919 133 1981 S.
148 1921 353 2000 Hieronymus
364 1922 404 1984 de
413 1924 468 1995 iis,
481 1922 534 2002 qui
547 1928 646 1985 tentus
661 1923 824 2004 Scriptum
836 1939 930 1985 sacrae
938 1929 1054 1983 temere
1066 1937 1085 1981 a
1095 1936 1152 1982 suo

63 2008 367 2079 contemnendum,
382 2017 472 2087 atque
486 2011 525 2070 iis
536 2008 579 2070 ita
588 2008 752 2070 abutuntur
762 2010 821 2070 ait:
833 2028 849 2066 n
863 2009 895 2070 Si
908 2009 986 2068 forte
1000 2006 1039 2067 ad
1050 2006 1151 2087 Serip-

64 2114 81 2149 s
93 2100 179 2153 turae
198 2110 298 2154 sacras
309 2102 377 2173 post
391 2095 550 2157 seculares
565 2096 682 2157 litteras
694 2095 854 2166 venerint,
872 2101 904 2155 et
915 2109 1055 2154 sermone
1066 2110 1151 2154 eom·

65 2180 192 2256 »posito
209 2196 297 2240 aures
315 2182 420 2259 pepuli
444 2182 621 2251 mulserint,
641 2181 790 2259 quidquid
813 2180 946 2242 dixerint
967 2179 1068 2259 legem
1091 2179 1149 2240 Dei

65 2286 81 2321 u
94 2274 201 2345 putant
209 2286 217 2337 ;
232 2284 291 2326 nec
305 2269 384 2328 scire
397 2268 562 2347 dignantur
571 2269 644 2348 quid
656 2267 831 2340 Prophetae,
846 2266 920 2346 quid
932 2266 1070 2347 Apostoli
1079 2283 1150 2327 sen·

64 2352 204 2424 raserint,
227 2353 283 2414 sed
302 2351 342 2414 ad
359 2370 482 2416 sensum
500 2370 588 2416 snum
607 2356 773 2434 incongrua
787 2360 933 2435 appetunt
950 2351 1148 2414 testimonia:

64 2439 178 2517 »qnasi
194 2440 310 2519 grande
320 2438 375 2511 sit,
393 2448 426 2502 et
437 2458 500 2503 non
515 2443 743 2505 vitiosissimum
756 2441 887 2504 docendi
904 2455 1018 2520 genus,
1037 2438 1149 2517 depra-

64 2540 165 2585 »vare
188 2526 371 2599 sententias,
389 2533 423 2588 et
445 2527 485 2588 ad
505 2529 694 2589 voluntatem
716 2544 800 2588 suam
817 2526 942 2586 trahere
962 2525 1149 2602 scripturam

64 2618 313 2690 »repugnantem
326 2613 350 2672 ¹.
363 2632 381 2668 s

456 2784 490 2795 *-

480 2904 659 2968 seculo
678 2907 731 2967 11.
798 3000 801 3006 Ι

300 3069 340 3118 ΒΕ
355 3068 502 3119 curemus
516 3069 574 3119 SEU
588 3070 716 3119 nedum
730 3070 911 3119 EXEGEUOES.

448 3284 465 3351 5
479 3288 521 3335 vr.
532 3312 563 3323 -
573 3285 759 3336 nortmannia.

99 3439 171 3493 ⁰21.
192 3438 346 3516 Scriptura
361 3452 445 3498 saera
462 3435 537 3496 lieet
553 3435 728 3510 divinant,
748 3436 786 3497 ab
803 3435 976 3496 hominibus
996 3443 1097 3496 tamen
1114 3444 1147 3499 et

61 3523 310 3605 pronominibus
328 3532 449 3584 exarata
470 3530 526 3583 est.
552 3522 624 3600 Ejus
641 3523 729 3592 libri,
748 3522 944 3584 vetustissimi
961 3523 1144 3601 praesertim,

60 3608 174 3671 mnino
194 3611 298 3671 multis
311 3625 458 3670 annorum
481 3608 617 3668 miilibus
638 3625 694 3688 per
716 3610 886 3687 Scriptores
903 3624 1004 3670 meros
1025 3608 1144 3690 lingere.

62 3697 173 3776 patrio,
187 3697 323 3756 moribus
336 3703 367 3755 et
385 3693 565 3772 quandoque
578 3695 740 3755 idiotismis
751 3710 769 3753 a
779 3694 870 3756 nobis
881 3694 1058 3766 distinctos,
1071 3711 1146 3755 eon-

61 3781 135 3842 ieeti
152 3790 240 3843 sunt:
261 3799 355 3859 quere
376 3781 461 3840 illam
479 3780 588 3841 erebro
603 3781 761 3841 obscuram
775 3796 841 3841 esee
860 3798 950 3841 nemo
968 3780 1143 3851 miraeum

61 3867 135 3928 hine
148 3867 187 3928 od
195 3868 277 3927 illius
289 3867 455 3945 gerruinmn
465 3882 586 3926 sensum
597 3865 841 3945 investigandum
854 3867 977 3927 eriteria
989 3865 1145 3943 quaedam‚=

60 3970 118 4016 seu
129 3954 249 4034 regulos
263 3954 458 4023 directrices,
476 3945 647 4014 necessaria
660 3969 727 4013 esse
739 3969 840 4033 perse
853 3953 960 4031 liquet.
975 3951 1053 4017 Cum
1068 3968 1145 4015 rere

93 4076 197 4141 triten,
210 4082 283 4141 [pist.
296 4079 327 4127 ad
338 4073 527 4127 Paulinum-²
538 4077 652 4139 Hieron,
665 4078 757 4139 erote.
772 4080 867 4126 Geloni.
