2708 4846
379 488 574 539 trahentur
588 488 786 539 SAGRORUli.
1076 486 1121 538 Μ

104 598 163 652 eur,
174 581 341 643 et600lere
348 587 418 642 ante
429 582 575 661 epocham
585 583 746 661 Scripturae
755 597 847 642 sacrae
857 580 896 642 de
906 580 1029 642 diluvio.
1039 581 1121 641 Non-

104 655 301 749 iiseriptorcs
321 670 456 730 sinenses
475 668 580 738 obbae
599 685 745 730 annorum
766 668 917 730 effluxisse
936 668 1066 730 delirant
1081 667 1120 730 ab

104 757 204 817 stantia
217 755 387 815 Sinensium
400 754 542 832 usquead
553 754 720 833 imp.Fohy
733 754 753 813 ¹.

104 841 176 902 latin
190 840 361 900 sinensium
370 842 537 919 Kang-mo‚
549 857 603 899 seu
614 841 732 918 magnis
741 840 824 900 lastis
833 883 841 909 ,
851 838 981 918 positive
993 836 1118 911 dieitur,

104 928 214 989 ileerti
233 927 338 986 haberi
355 944 458 986 eorum
470 935 621 1004 gestorum
640 927 825 996 sinensium,
845 943 911 1001 quae
930 924 1122 986 200vo1500

104 1019 204 1074 hante
216 1020 348 1072 nostram
360 1029 451 1071 aeram
461 1013 616 1091 vulgarem
630 1011 832 1087 contigerunt.
854 1011 943 1071 Ratio
963 1018 1009 1072 est
1040 1013 1121 1091 quod

104 1097 153 1160 itus
171 1100 337 1177 imperator
356 1097 568 1173 Chi-hoenge,
585 1097 762 1155 memoriam
779 1114 900 1155 suorum
918 1096 1121 1174 praedecesso-

104 1203 124 1258 r,
133 1203 297 1262 eorumque
308 1192 460 1263 gestorum
471 1185 688 1254 destructurus,
699 1184 818 1260 sibique
830 1200 941 1243 nomen
951 1184 1121 1246 immortale

105 1271 397 1349 idecomparaturus,
412 1269 466 1330 950
477 1271 526 1329 vel
536 1269 591 1329 aab
605 1286 683 1329 anno
693 1275 763 1329 ante
774 1275 906 1328 nostram
917 1285 1121 1359 aeramomnes

104 1357 244 1418 liothecas
259 1358 305 1417 sui
321 1357 441 1435 imperii
459 1357 514 1417 sub
529 1356 636 1426 capitis
653 1373 741 1434 poena
760 1357 897 1415 comburi
910 1356 1011 1434 jussit,
1032 1359 1121 1421 libris

104 1443 216 1514 liciace,
237 1441 462 1511 architecturae,
484 1449 515 1501 et
533 1440 778 1519 jurisprudentiae
796 1442 940 1519 exceptis.
958 1444 1048 1503 Anno
1062 1446 1121 1505 cir-

104 1528 178 1588 ribi)
186 1528 342 1589 dumtaxat
351 1527 578 1590 anteChristum
588 1527 663 1587 alius
673 1527 845 1586 sinensium
855 1528 1018 1606 imperator
1029 1528 1121 1596 sacul-

104 1634 132 1675 m
142 1616 292 1677 concessit
310 1632 357 1674 res
367 1623 465 1691 gestas
475 1615 730 1689 sinensiuna,quae
741 1613 903 1674 traditione
915 1617 990 1675 orali
1000 1635 1121 1680 conser-

104 1710 233 1770 terant,
252 1700 474 1760 conscribendi.
491 1700 591 1776 Quare
607 1701 716 1757 mirum
728 1706 848 1758 nonest
868 1699 899 1757 in
916 1701 1085 1764 Annalibus
1101 1721 1120 1765 a

104 1787 164 1848 idis
178 1787 374 1855 Sinensibus‚
386 1786 437 1862 qui
451 1793 588 1862 tompore
601 1785 747 1844 adventus
760 1785 945 1845 Jesuitarum
957 1788 1120 1863 nequidem

104 1871 252 1933 sudarium
265 1870 432 1941 habebant,
447 1871 490 1928 ita
503 1870 662 1938 conlectis,
679 1869 810 1939 narrari,
824 1870 1029 1930 monarchiam
1045 1874 1120 1934 sini·
1180 1884 1184 1897 '
1239 1910 1242 1920 ι

112 1960 252 2035 pluribus
263 1974 409 2017 annorum
422 1956 555 2016 millibus
569 1956 715 2025 existere,
729 1955 942 2033 imperatorem
956 1959 1041 2036 Fohy
1052 1978 1120 2019 cor-

104 2043 368 2124 serpentis,caput
380 2059 453 2102 vero
464 2040 786 2112 humanumhabuisse,
797 2048 924 2100 matrem
931 2043 1120 2124 imperatoris

104 2131 158 2190 mti
172 2137 241 2209 post
249 2129 286 2188 it
295 2146 413 2189 menses
423 2127 611 2207 graviditatis
623 2126 776 2192 dumtaxat
785 2128 967 2207 peperisse²,
983 2138 1041 2201 eto,

115 2217 242 2278 zodiaci
260 2217 344 2276 citati
360 2222 421 2275 tarn
434 2216 551 2292 antiqui
568 2232 629 2273 non
639 2221 721 2284 suut,
731 2231 800 2274 cum
814 2215 991 2277 contineant
1000 2219 1119 2298 signum

104 2305 269 2380 etantiquis
279 2303 435 2381 AEgyptiis
450 2302 603 2380 ignotum,
623 2308 655 2360 et
666 2317 684 2360 a
696 2300 811 2362 Graecis
828 2301 1043 2367 Alexandrinis
1055 2310 1119 2386 pri-

104 2389 477 2466 uinventum.Eclipsesin
488 2387 1119 2467 templisistisnotataejuxtahstrouomiam

104 2476 203 2538 ecarlis
217 2477 394 2553 contingere
409 2475 585 2554 potuissent.
602 2475 717 2533 Verum
734 2475 846 2554 templa
858 2476 911 2535 illa
921 2484 967 2538 sat
982 2483 1119 2543 recentia

104 2567 141 2633 tt;
164 2578 203 2622 ex
222 2577 327 2620 eorum
344 2561 425 2619 euim
451 2559 724 2619 constructione'et
743 2560 940 2639 inscriptione
960 2571 1061 2641 patet,
1081 2585 1118 2629 ea

104 2664 175 2727 pore
202 2647 321 2706 Tiberii
347 2646 536 2725 imperatoris
567 2645 704 2705 coniecta
727 2645 828 2705 luisse.
853 2647 952 2723 Quare
975 2650 1118 2714 fabulosae

104 2733 256 2840 yptiprum
276 2732 511 2792 observationes
523 2730 731 2791 astronomicae
748 2730 812 2791 illie
827 2748 882 2809 pro
902 2731 990 2792 libito
1007 2744 1118 2799 notatae

104 2822 162 2879 unt
188 2860 198 2878 .
1089 2837 1096 2853 ·

104 2901 235 2981 'lugens
251 2902 397 2961 violentia
413 2918 556 2978 aquarum
575 2899 685 2961 diluvii
701 2899 791 2961 facile
809 2900 962 2962 conchilia
982 2910 1014 2964 et
1034 2908 1118 2969 varia

104 2998 169 3063 aura
184 2985 300 3043 marina
324 2992 412 3043 terrae
434 2999 469 3043 ac
493 2982 646 3043 montibus
671 2981 844 3042 insinuavit.
863 2983 998 3059 Quatuor
1017 2996 1117 3050 autem

104 3086 189 3130 ormo
199 3071 309 3139 millia,
323 3086 341 3128 a
353 3069 468 3130 diluvio
482 3068 583 3147 elapsa
600 3067 781 3127 sulieoerunt
796 3067 930 3146 proiecto
944 3073 1036 3134 variis
1052 3076 1118 3138 istis

104 3152 310 3217 rffieationibus
324 3154 525 3215 eliormandis.

104 3240 270 3304 xistimarat
287 3244 325 3304 D.
346 3242 385 3303 de
404 3227 546 3311 hutoni,
570 3239 725 3302 Cometam
742 3238 854 3299 abhinc
870 3238 976 3309 tabeo
987 3257 1065 3303 anno
1084 3247 1117 3306 in

104 3346 138 3389 m
148 3328 356 3410 impingendo,
369 3347 473 3390 massae
487 3328 593 3389 solaris
605 3327 719 3404 aliquas
731 3333 831 3406 partes
841 3328 998 3398 amovisse,
1009 3331 1118 3407 quibus

104 3422 172 3478 etus
181 3423 307 3477 cometae
319 3425 432 3476 motum
445 3417 623 3477 circularem
633 3414 713 3474 circa
726 3414 821 3475 solem
832 3413 975 3487 dedisset,
986 3416 1040 3478 has
1051 3434 1118 3498 par-

106 3501 161 3566 dlu
179 3503 430 3564 incandescentes
446 3504 554 3573 fuisse,
567 3509 672 3581 postea
682 3502 816 3579 planetas
833 3502 922 3562 nobis
938 3511 1025 3565 notos
1044 3505 1118 3565 elie-

104 3595 269 3671 apertam,
282 3606 348 3667 quae
361 3590 564 3650 constituisset
575 3588 724 3659 tellurem,
736 3588 859 3649 fluidam
867 3587 969 3661 luisse,
982 3597 1117 3668 tempore

104 3674 306 3739 fflaunornm
316 3677 455 3755 frigidam
469 3678 615 3747 evasisse,
631 3683 662 3735 et
674 3683 845 3754 coopertam
863 3675 952 3736 fuisse
972 3677 1056 3754 aquis
1071 3684 1117 3739 at-

104 3760 238 3897 ΡΜ),
249 3781 315 3841 quae
328 3765 422 3824 maria
434 3764 673 3833 constituissent,
685 3761 739 3823 has
750 3779 824 3823 vero
840 3779 930 3840 aquas
947 3761 1116 3827 eliormasse

104 3866 253 3991 spiam
265 3927 272 3960 ι
288 3913 394 3962 Ilistolre
403 3909 582 3961 medente-²
590 3913 654 3973 hege
664 3911 717 3961 Nat.
728 3912 798 3960 Alex.
810 3911 873 3959 iliat.
884 3912 948 3959 Eeel.
960 3911 978 3960 t.
991 3912 1018 3972 t,
1029 3914 1079 3964 Dis.
1089 3916 1115 3964 8,

104 3978 146 4051 h'st
155 3976 247 4051 sarpa.
255 3980 281 4031 S.
293 3984 375 4030 eontra
390 3982 529 4030 incredulos
539 3982 702 4043 propugnata,
715 3981 734 4029 t.
747 3982 770 4028 l.
781 3981 916 4028 Nonnotto:
932 3980 997 4030 Dici.
1011 3983 1115 4047 philos,

104 4038 276 4113 tiamne.
285 4075 314 4089 -
322 4049 334 4086 ³
342 4053 371 4101 v.
386 4052 411 4102 le
421 4051 564 4117 Spectateur
573 4046 777 4119 irremunerati
788 4049 815 4099 et
823 4049 950 4099 Deserat.
960 4051 992 4102 el.
1003 4052 1115 4104 lecta.-

104 4116 277 4179 marat.
