2708 4846
219 459 249 525 io
367 527 372 531 ,
562 504 564 508 -
660 474 850 525 cucurone
955 480 958 486 ·

220 562 268 628 ob.
282 566 385 628 Joditb
397 572 423 626 et
438 566 564 646 Tobioe),
578 567 674 628 libros
686 569 793 629 Judith
811 575 843 628 et
860 564 967 627 Tobiae
978 564 1059 625 inter
1068 563 1290 645 hagiographa,-

218 671 272 715 seu
282 656 394 734 scripta
404 670 501 726 sacra,
514 655 656 715 aiudmis
667 654 729 734 legi
742 653 943 716 consuevisse.
952 651 1131 722 -Junilius,
1146 652 1178 710 in
1188 651 1292 714 Africa

220 742 392 820 episcopus,
407 741 515 802 scribit
526 741 578 818 (dc
590 742 696 802 Portit.
715 742 804 801 divin.
820 741 873 817 top.
887 758 914 800 c.
928 739 990 819 5.),
1003 739 1098 798 libros
1113 738 1290 800 deuteroca·

218 826 619 906 nonicosaJudaeisrecipi‚
632 827 811 904 cumulique
825 834 925 886 tamon
938 825 1113 886 discrimine
1127 825 1209 885 inter
1219 843 1290 906 pro-

218 915 420 974 tocanonicos.
430 947 462 957 -
472 913 655 974 Tbotmodici
666 915 724 993 ipsi
733 912 817 974 hisce
828 913 915 972 libris
924 919 1057 983 utuntur,
1069 911 1143 972 licet
1157 927 1210 973 eos
1228 930 1289 973 uon

216 998 352 1059 laudent.
360 1001 542 1077 -Quamvis
552 1017 649 1061 canon
660 999 834 1059 ludaeorum
844 998 1103 1060 Palaestinensim
1115 998 1183 1057 illos
1195 999 1290 1059 libros

219 1100 279 1146 non
294 1087 491 1157 continuerit,
510 1086 642 1147 dubitari
658 1085 739 1146 haud
756 1093 870 1164 potest,
892 1086 965 1163 quin
983 1086 1096 1144 luerint
1110 1085 1143 1144 in
1162 1086 1290 1146 versione

218 1168 411 1228 obooodrina
422 1173 501 1231 LXX
522 1174 738 1250 Interpretum‚
757 1178 867 1231 etcum
887 1170 952 1250 ipsa
970 1170 1114 1230 Ecclesiis
1126 1169 1231 1230 traditi
1249 1171 1289 1231 ab

217 1255 380 1334 Apostolis.
393 1259 459 1318 Nisi
470 1258 552 1319 onim
564 1258 623 1317 hoc
636 1257 746 1317 tactum
756 1257 875 1327 fuisset,
887 1273 948 1315 non
961 1256 1193 1333 intelligeretur,
1214 1274 1290 1334 ‹pro-

216 1341 305 1402 modo
318 1343 471 1421 pleraeque
490 1343 634 1405 Ecclesiae
650 1359 701 1404 eos
717 1343 782 1403 sine
797 1341 997 1402 dissidentiae
1011 1341 1126 1401 Judaeis
1139 1344 1290 1421 suscepis-

216 1435 293 1489 sent.
307 1428 458 1489 Caeterum
474 1430 507 1489 id
524 1446 627 1516 omnes
642 1429 839 1506 manuscripti
857 1426 978 1487 codices
991 1427 1134 1505 probant,
1153 1444 1189 1488 ac
1204 1430 1289 1507 Apo-

147 1578 149 1583 ,
215 1515 285 1576 stoli
297 1515 439 1587 innuunt,
458 1516 509 1593 qui
526 1516 691 1576 sententias
710 1533 748 1574 er
764 1514 851 1575 libris
868 1513 1046 1591 Sapientiae,
1066 1513 1287 1588 Ecclesiastici,

216 1601 323 1662 Tobiae
335 1608 367 1662 et
376 1601 618 1664 Machabeeorum
630 1603 761 1680 allegant
769 1602 789 1660 ¹.

252 1686 283 1746 2⁰
294 1688 383 1748 Ratio
394 1696 505 1760 autom,
518 1705 572 1749 cur
581 1687 681 1747 Judaei
694 1688 788 1747 libros
800 1684 1088 1748 deuterocanonicos
1101 1702 1154 1745 suo
1169 1685 1290 1748 Canoni

214 1791 276 1834 non
288 1774 486 1847 inseruerint,
505 1792 570 1836 esse
589 1775 720 1846 videtur,
739 1775 820 1853 quod
840 1774 1003 1851 conscripti
1015 1778 1067 1832 aut
1081 1772 1209 1846 detecti,
1224 1793 1290 1836 am-

215 1861 387 1941 plioresque
407 1862 529 1924 codices
547 1862 693 1922 librorum
711 1862 847 1923 Estheris
866 1868 896 1921 et
912 1859 1046 1920 Danielis
1064 1863 1179 1939 reperti
1196 1863 1290 1923 luisse

214 1947 370 2020 videntur,
384 1955 541 2028 postquam
559 1949 679 2008 illorum
696 1966 793 2009 canon
810 1947 963 2008 coniectus
974 1943 1022 2023 (n.
1034 1943 1079 2022 7),
1091 1946 1210 2007 clausus
1222 1956 1254 2008 ct
1269 1965 1290 2008 u

215 2051 367 2113 synagoga
378 2036 559 2112 approbatus
575 2041 668 2103 esset3
680 2033 842 2093 noluerunt
853 2049 963 2110 nempe
973 2049 1058 2091 suurn
1068 2030 1224 2093 Canonem
1232 2034 1289 2092 im·

213 2127 330 2179 inritare
344 2120 435 2179 bosce
454 2119 548 2179 libros
566 2119 612 2177 illi
630 2119 802 2178 inserendo.
820 2118 943 2176 lnterim
955 2117 1024 2177 illos
1040 2134 1149 2196 magna
1160 2135 1289 2180 venera·

214 2205 299 2264 tione
310 2205 461 2284 prosecuti
477 2212 559 2276 sunt3
579 2204 634 2265 sed
644 2204 807 2265 discrimen
825 2220 878 2264 eos
896 2204 977 2264 inter
988 2211 1020 2264 ot
1034 2207 1289 2284 protocanonicos

138 2287 141 2290 ’
215 2289 423 2350 instituebant.

248 2418 338 2492 svlll.
350 2449 380 2462 -
390 2425 505 2476 Alisontia
520 2426 640 2476 librorum
653 2425 928 2476 ‹leuterocanoulcornm
943 2427 1063 2475 acanone
1078 2427 1251 2477 nonnullorum

458 2498 614 2558 antiquorum
623 2500 736 2560 Petrum,
747 2496 773 2546 ct
782 2496 882 2545 concilii
894 2497 1032 2546 laodiceni.

250 2602 302 2665 20.
315 2603 380 2684 obj.
394 2605 499 2665 Melito
512 2605 669 2667 Serdensis
681 2624 750 2668 saec.
763 2604 896 2668 secundo
909 2605 1077 2685 episcopus,
1090 2605 1205 2678 dicunt,
1219 2606 1290 2669 Ori-

214 2706 323 2768 genes,
346 2691 376 2750 S.
398 2690 597 2769 Epiphanius
618 2693 648 2752 S.
667 2691 831 2770 Gregorius
854 2692 940 2763 Nan,
959 2692 990 2750 S.
1013 2692 1228 2769 Hieronymus,
1251 2706 1290 2756 ac

213 2775 337 2837 celebre
353 2773 524 2837 Concilium
543 2777 763 2850 Laodicenum,
782 2778 903 2838 nonnisi
924 2777 1018 2837 libros
1036 2781 1288 2854 protocanonicos

212 2863 246 2922 in
265 2863 326 2922 suis
338 2863 511 2923 canonibus
520 2864 681 2923 Librorum
692 2881 843 2924 sacrorum
861 2864 1019 2923 collocant.

246 2951 330 3027 Resp.
338 2947 414 3009 Cum
421 2949 521 3008 Judaei
531 2948 694 3010 discrimen
703 2950 882 3010 interlibros
893 2957 980 3028 proto
991 2965 1025 3009 ac
1036 2949 1288 3012 deutorocanoni-

212 3050 264 3096 cos
275 3034 467 3094 instituerent
476 3034 590 3112 hosque
600 3036 722 3097 ultimos
736 3036 768 3095 in
780 3053 833 3096 suo
844 3034 968 3096 Conone
979 3033 1060 3094 haud
1072 3046 1285 3110 recenserent,

212 3120 322 3181 lactum
332 3126 386 3191 est,
398 3126 432 3179 ut
441 3121 578 3180 nonnulli
588 3121 704 3200 antiqui
722 3124 825 3182 Patres
836 3121 980 3182 Ecclesiae
998 3120 1092 3181 libros
1106 3120 1287 3184 deuteroca-

211 3207 336 3267 nonicos
347 3224 432 3267 more
444 3206 618 3267 ludaeorum
630 3207 662 3267 in
673 3209 733 3267 suis
747 3207 920 3268 Canonibus
935 3206 1015 3266 haud
1027 3207 1220 3270 collocarent.
1232 3210 1285 3271 Sic

210 3296 317 3356 blelito
329 3301 487 3372 peragrato
506 3295 635 3355 Oriente
648 3293 850 3369 consultisque
867 3292 983 3353 Judaeis
1002 3291 1282 3371 Palaestinensibus,

210 3381 369 3449 Onesimo,
388 3380 487 3457 ipsum
504 3378 563 3439 hac
574 3378 612 3437 de
631 3394 665 3437 re
683 3377 870 3449 consulenti,
884 3392 933 3437 roo
946 3386 1112 3453 epimonem
1127 3409 1168 3447 on
1182 3393 1283 3453 uetat«,

209 3479 323 3532 Διαθηκης
334 3474 458 3533 nomime,
480 3462 619 3522 librentur
629 3480 686 3522 non
703 3469 949 3524 controversorum
966 3465 1129 3545 cotolopum
1139 3468 1235 3540 misit,
1247 3471 1281 3532 in

210 3572 268 3633 quo
286 3553 413 3614 deerant
429 3549 503 3607 libri
520 3548 785 3609 deuterocauonici
799 3552 912 3612 veteris
929 3553 1079 3627 Foederis‚
1099 3555 1190 3614 immo
1206 3556 1280 3619 libri

209 3640 317 3701 Esther
332 3643 363 3697 ot
373 3633 544 3694 Nehemias.
561 3634 686 3693 Librum
700 3635 810 3696 Esther
827 3637 964 3697 nonnulli
978 3638 1030 3697 alii
1045 3639 1160 3717 antiqui
1175 3642 1280 3706 Patres

208 3725 322 3806 paritor
339 3719 509 3799 inCauone
524 3736 586 3780 non
605 3727 779 3782 recensent.
787 3721 849 3784 Cur
864 3723 918 3784 idi
937 3723 1095 3784 obscurum
1116 3731 1162 3785 cst
1180 3723 1278 3804 (coni.

207 3827 238 3873 n.
251 3807 337 3886 idi).

254 3893 372 3954 Exinde
399 3898 499 3954 autem
525 3891 605 3970 quod
633 3893 738 3954 Molito
767 3888 921 3973 scripserit
949 3893 1104 3957 Cononem
1128 3894 1275 3960 librorum

209 3993 388 4063 epitomem,
409 3981 488 4041 ltoud
505 3988 766 4050 controversorom,
792 3981 979 4060 observante.
988 3983 1134 4056 Eusebio,
1159 3982 1274 4065 liquet,

233 4103 318 4175 litto
328 4105 363 4165 ct.
374 4106 503 4175 uocum,
513 4104 691 4160 bonomonte
700 4101 854 4173 evangelica.
