2708 4846
344 479 525 529 artronum
544 477 743 528 debssbllll.
1033 474 1078 527 070

104 557 111 627 t'
127 565 216 629 aaut
236 564 280 627 ln‘
290 581 380 629 arena
396 565 517 628 inerunt
532 568 586 628 000
596 566 799 642 jordanicas,
813 564 886 626 0000
897 561 995 634 cervi,
1007 564 1080 626 0000

104 655 166 717 0000
176 670 308 723 anseres,
323 654 396 716 0000
413 657 490 725 ibes,
511 654 583 715 0000
593 659 674 730 [oves
691 653 864 732 sylvestres,
878 653 933 713 000
940 652 1078 731 leopardi

104 742 116 816 l,
123 742 185 805 0000
191 741 328 825 leopardi
337 741 428 818 syrti,
437 741 621 806 0000000000
630 740 809 811 0000000000,
821 739 982 801 00500000
994 739 1016 800 “.
1028 741 1079 800 An

104 824 404 906 rigitrrrssliamsonem
415 826 471 887 500
484 823 716 903 radpes'babore
727 827 880 905 potuisset

104 913 247 985 tuemodo
255 914 426 977 Orientales
434 920 554 992 segetes
563 912 765 985 inimicorum,
776 915 953 992 quibuscum
961 913 1078 976 bellum

104 1006 129 1072 0,
141 1001 338 1070 comburunt,
355 1015 519 1077 eorumque
532 999 656 1060 arbores
669 999 830 1060 succidunt
841 998 865 1060 ⁸.

104 1161 190 1211 000.-
197 1160 297 1210 Samson
308 1160 340 1208 50
349 1160 502 1208 Philbthaeos
512 1159 611 1220 oceidit,
618 1172 695 1209 novos
703 1159 775 1209 tunes
784 1172 814 1209 ac
823 1159 935 1211 recentes
943 1172 1033 1211 nervos

291 1230 394 1290 rumpit,
404 1231 430 1277 et
441 1230 502 1279 0000
511 1229 620 1291 percutit
628 1229 793 1279 Philiatbasos.

104 1359 117 1419 ‚¹
125 1362 173 1439 (C.
182 1364 231 1431 lt,
242 1362 288 1436 00)
301 1362 638 1434 Refertur-{samsonem
646 1361 880 1426 debilistbaeos
889 1364 1036 1426 occidisse
1044 1364 1077 1428 in

104 1465 153 1521 tn,
171 1455 205 1508 ut
222 1464 327 1507 eorum
339 1455 444 1508 ‚vestes
460 1447 546 1507 daret
563 1445 761 1521 Philisthaeis',
780 1449 832 1528 qrri
848 1449 999 1512 solverant
1012 1454 1077 1534 ejus

104 1552 161 1597 ama
173 1536 213 1597 de
225 1535 317 1595 melle
329 1536 361 1594 in
374 1550 426 1595 ore
440 1535 537 1596 leonis
548 1543 680 1615 reperto.

104 1623 379 1693 Samson',·viribus
402 1623 647 1685 extraordinariis
677 1620 849 1703 praeditus,
867 1625 956 1687 facile
980 1628 1078 1706 putarit

104 1709 134 1770 to
142 1708 339 1774 *Philisthaeos
351 1708 526 1787 singillatim
540 1709 681 1770 occidere
694 1708 766 1771 dmn
777 1711 845 1771 ilios
856 1713 1012 1773 successive
1024 1712 1078 1772 ob·

104 1795 239 1857 rabebat.
895 1833 904 1852 .

104 1881 172 1956 .(C.
182 1881 229 1952 ta,
237 1879 323 1938 0000
333 1887 364 1940 et
374 1879 418 1951 06,
425 1879 508 1956 7-00)
518 1880 640 1951 dieitur,
652 1881 827 1941 samsonem
835 1898 930 1943 novos
941 1880 1035 1955 ames,
1046 1889 1077 1945 et

104 1982 144 2027 ass
154 1983 278 2036 nervos,
291 1967 398 2043 quibus
411 1965 530 2026 vinctus
544 1972 624 2035 erat,
636 1965 763 2044 rupisse.

110 2051 145 2113 id
159 2053 270 2111 mirum
288 2052 368 2112 haud
388 2059 449 2123 est,
462 2068 532 2113 cum
548 2051 665 2112 viribus
679 2051 926 2116 extraordinariis
935 2054 1080 2144 polleret,

104 2172 114 2192 .
134 2136 182 2214 (C.
201 2138 251 2207 03,
266 2137 364 2214 00-07)
378 2139 513 2215 8000000
524 2136 636 2198 dieitur
652 2136 725 2199 0000
743 2139 934 2201 Philisthaeos
953 2136 1076 2204 maxilla

104 2239 289 2284 tercussrsse.

104 2324 155 2368 um
166 2326 225 2368 vox
236 2306 378 2367 hebraica
388 2315 534 2386 pervetere
544 2324 605 2368 non
618 2306 781 2387 signifieat,
795 2310 876 2388 quod
886 2328 991 2373 omnes
1004 2311 1082 2375 0000

104 2391 403 2464 tlaaeos'a'otereroera't,
427 2395 489 2468 ssed
512 2394 626 2456 indicat
646 2397 837 2475 samsonem„
861 2407 982 2479 arrepta
999 2400 1076 2461 asini

104 2498 206 2560 aqua
216 2489 251 2542 ut
262 2481 361 2560 gladio
374 2482 512 2544 homiues
524 2485 641 2560 percuti
654 2492 787 2565 possunt,
801 2494 888 2564 parte
906 2505 1010 2547 eorum
1026 2488 1076 2549 in·

104 2575 162 2647 pta,
176 2575 300 2629 eaeteros
313 2567 504 2646 profligasse,
517 2586 571 2629 seu
587 2569 620 2628 in
631 2568 732 2647 fugam
745 2570 855 2649 egisse.
868 2571 1005 2633 Victoria
1023 2573 1076 2633 illa

104 2672 146 2716 em
166 2654 301 2716 Samsoni
318 2654 376 2714 soli
393 2655 551 2722 tribuitur,
569 2654 624 2714 sed
638 2654 837 2716 dubitandum
848 2673 910 2716 non
922 2665 982 2728 est,
1003 2660 1075 2735 quin

104 2740 128 2803 00
138 2744 213 2813 {cum
226 2742 279 2801 0000
298 2741 426 2820 proiecti
447 2742 479 2801 in
499 2741 705 2811 Philisthaeos,
727 2742 779 2818 qui
795 2740 857 2818 jam
876 2750 1027 2818 paventes¹
1038 2744 1076 2803 ad

104 2834 258 2896 venerant,
270 2834 300 2885 et
313 2825 351 2885 ad
363 2825 599 2886 confractionem
611 2825 675 2904 ejus
688 2825 876 2886 vinculorum
888 2829 996 2887 timore
1008 2845 1077 2907 pcr-

104 2912 222 2985 beraut,
231 2912 396 2987 irruerint,
409 2928 443 2971 ae
454 2914 629 2972 samsonem
639 2911 789 2990 juverint,
802 2920 836 2971 ut
848 2912 891 2973 ita
906 2914 1075 2993 profligatio

104 3014 131 3059 m
147 2999 219 3060 0000
233 2999 475 3059 Philisthaeorum
491 2998 536 3056 illi
548 2998 604 3059 soli
619 2999 811 3072 attribuatur,
826 3000 1073 3079 quemadmodum

104 3084 135 3147 ia
144 3084 267 3159 alicujus
279 3085 376 3162 praelii
389 3083 734 3145 adscribiturbelliduci.

381 3249 432 3316 gb.
444 3251 545 3299 -Fons
556 3249 582 3297 in
592 3248 700 3298 ntaxttta.

106 3417 114 3433 .
135 3362 267 3451 Legitur
278 3367 322 3448 (a
340 3372 385 3442 00,
410 3372 456 3448 00)
476 3390 494 3432 0
511 3371 602 3431 dente
619 3368 748 3430 oraxillae
761 3367 799 3430 ad
812 3385 918 3449 preces
929 3369 1076 3432 sitibundi

104 3458 156 3529 tals
165 3460 334 3522 scaturiisse
346 3457 560 3535 ionteor,cujus
569 3473 645 3535 aqua
655 3459 781 3518 Samson
793 3465 860 3536 post
871 3458 1027 3520 victoriam
1036 3459 1075 3519 de

104 3542 272 3607 mnistnaets
286 3545 409 3605 relatam
423 3545 604 3607 refocillatus
616 3543 682 3605 suit.

104 3626 172 3697 fros
184 3631 241 3691 iste
253 3648 314 3690 non
327 3630 462 3691 scaturiit
481 3648 498 3690 e
515 3630 607 3690 (lente
623 3629 705 3690 illius
721 3629 868 3698 maxillae,
881 3646 940 3706 qua
952 3630 1076 3690 Samson

104 3730 137 3777 bs
148 3716 223 3777 istos
237 3714 428 3774 Philistbaeos
444 3721 648 3792 percusserat,
660 3731 718 3773 nec
739 3731 757 3773 e
779 3722 858 3774 terra
872 3713 1010 3775 exoriens
1020 3731 1077 3792 per

104 3800 237 3885 'rijlstius
253 3802 380 3862 maxilla
393 3801 517 3872 eiduxit,
531 3809 564 3860 ut
575 3800 710 3861 nonnulli
728 3801 806 3860 rnale
820 3800 974 3860 intellecto
988 3818 1075 3862 versu

104 3874 304 3975 figuramur,
320 3888 375 3948 sed
401 3887 534 3947 scaturiit
557 3903 574 3945 0
596 3903 664 3963 0000
686 3902 740 3945 seu
766 3887 834 3945 loeo
852 3884 923 3955 illo,
936 3884 969 3943 in
987 3903 1075 3962 quem

104 3972 298 4047 arnauldum
309 3973 385 4033 asini
396 3980 462 4050 post
473 3971 713 4032 Philistbaeorum
726 3970 843 4031 cladem
854 3967 1033 4047 projecerat,
1044 3981 1077 4033 00

104 4072 227 4165 malaeus
236 4095 263 4147 in
272 4097 357 4148 Probo.
367 4123 396 4136 -
406 4095 536 4160 ’damant
545 4098 593 4148 and
607 4098 716 4160 ileyman
726 4097 857 4146 l'rarelsr.
870 4095 893 4159 0,
901 4109 926 4159 p.
937 4097 991 4149 503.
