2708 4846
479 483 668 533 bissonum
683 485 886 534 saeuorum.
1171 484 1214 533 ΞΜ

175 574 305 634 Materia
315 574 496 655 Apocalypsi
503 577 651 638 substrata
659 579 755 656 probe
766 578 979 658 distinguenda
986 585 1033 640 est
1042 594 1061 639 a
1071 577 1217 656 symbolis

137 660 347 730 orientalibus,
361 663 633 739 omnesomnes,
646 671 680 724 ut
687 664 828 727 Ezechiel
840 673 871 725 et
881 665 1005 736 Daniel,
1014 665 1217 726 revelationes

135 763 204 807 snas
217 748 371 827 exprimit.
384 749 527 828 Quinque
539 757 640 811 autem
652 751 800 831 praecipui
816 758 953 822 eventus,
967 751 1080 816 Christi
1091 750 1218 830 religio-

133 848 208 893 nem
218 833 434 912 respicientes,
447 835 481 896 in
491 836 675 916 Apocalypsi
687 836 814 915 praedici
826 837 980 898 videntur.

171 919 292 980 Primm
303 927 351 981 est
361 921 518 1001 abrogatio
532 922 631 984 cultus
650 922 845 989 ludaeorum,
868 938 903 983 ac
921 922 1077 984 subversio
1096 921 1217 984 illorum

133 1010 240 1065 status.

172 1088 329 1152 secundm
342 1092 430 1151 ruina
443 1090 611 1170 paganismi
623 1092 746 1172 imperii
760 1093 893 1162 romam,
906 1091 1054 1170 hujusque
1065 1093 1215 1155 interitus

172 1176 297 1238 Tertius
308 1177 437 1238 victoria
452 1178 567 1240 Christi
585 1177 744 1257 religionis
757 1178 796 1239 de
810 1178 960 1258 judaismo
977 1184 1010 1239 et
1026 1178 1216 1257 paganismo,

134 1268 227 1341 atque
236 1263 334 1341 gloria
344 1263 504 1343 religionis
515 1262 688 1327 christianae
699 1271 768 1345 post
785 1265 946 1327 victoriam
962 1262 1004 1326 (ie
1020 1262 1137 1326 duobus
1149 1262 1218 1325 istis

134 1345 276 1408 hostibus
286 1346 422 1408 relatam.

171 1430 304 1508 Quartm
315 1439 362 1493 est
370 1433 508 1495 ultimum
516 1432 675 1513 judicium.
689 1437 729 1496 Et

172 1516 305 1594 Quintam
315 1516 446 1581 felicitas
458 1536 599 1581 verorum
610 1520 851 1585 Christianorum
863 1520 896 1581 in
905 1519 995 1582 emin.

338 1663 357 1733 s
370 1668 475 1717 ccxlv.
485 1693 516 1705 -
525 1668 618 1731 scopus
627 1670 654 1719 et
663 1670 835 1731 argumentum
844 1668 1011 1731 Apocalypsis.

171 1785 245 1841 Μ.
256 1785 344 1847 Libri
355 1787 433 1849 sacri
444 1789 559 1849 veteris
568 1787 707 1849 Emderis
715 1787 817 1850 varios
831 1795 973 1858 eventus,
984 1804 1081 1867 usque
1090 1785 1129 1849 ad
1137 1789 1167 1846 J.
1178 1786 1213 1851 C

135 1871 468 1950 praedictoscontinent.
475 1874 674 1953 Apocalypsis
685 1891 753 1951 quae
764 1880 810 1934 est
821 1871 1217 1934 ultimnsiibernoviEoede·

135 1956 192 2029 ris,
209 1956 347 2019 diversos
368 1968 495 2020 eventus
511 1959 627 2019 turtures
644 1958 758 2020 Christi
771 1959 930 2037 religionis
949 1975 985 2019 ac
1003 1956 1095 2018 linem
1110 1956 1216 2018 mundi

135 2041 361 2122 complectitur,
374 2044 417 2105 ita
428 2052 463 2104 nt
474 2061 582 2123 scopus
595 2046 723 2105 loannis
736 2044 777 2104 sit
787 2050 899 2104 sortem
910 2043 1082 2105 christiane
1092 2042 1216 2122 religio

134 2127 183 2189 nis
195 2134 287 2206 atque
298 2125 391 2191 tinem
401 2128 490 2207 hujus
502 2130 609 2191 mundi
626 2129 814 2203 describere,
832 2127 998 2209 fidelesque
1017 2128 1057 2190 ad
1074 2135 1215 2191 constan-

134 2210 209 2271 tiam
219 2213 260 2287 ¹in
272 2228 346 2275 vere
362 2214 513 2293 religione
525 2215 669 2276 excitare.

172 2295 212 2359 C.
234 2296 293 2360 lc.
312 2299 342 2372 5,
369 2303 503 2362 loannes
520 2301 642 2362 titulmn
661 2300 735 2362 libri
758 2301 897 2373 exponit,
919 2301 1029 2363 salum
1047 2298 1214 2369 Ecclesiae,

136 2379 250 2458 quibus
264 2385 384 2461 scribit,
407 2393 509 2447 narrat
525 2386 676 2464 monsedo
689 2387 747 2448 sibi
769 2387 973 2449 revelationes
992 2386 1024 2446 in
1040 2385 1122 2446 libro
1144 2402 1215 2446 eon-

133 2472 230 2527 tentae
239 2469 438 2548 contigerint,
451 2471 625 2534 exhortatur
636 2471 832 2535 advirtutem
843 2472 995 2534 Ecclesiae
1006 2470 1213 2550 particulares,

133 2551 315 2621 nominatim
328 2554 506 2634 Ephesiam,
525 2557 754 2634 smyrnensem,
772 2558 1021 2635 Pergamensem,
1034 2554 1215 2633 Thyatiren-

133 2652 215 2708 sem,
233 2637 460 2713 sardicensem,
482 2639 742 2719 Philadelphiam,
764 2647 796 2702 et
817 2640 1049 2702 Laodicensem.
1072 2640 1216 2718 Sequitur

134 2720 210 2785 dein
222 2723 387 2807 dmcriptio
398 2729 561 2790 vinonum.

171 2810 282 2886 t·c.t,
295 2814 429 2877 Joannes
438 2814 526 2877 videt
541 2815 640 2874 Demn
654 2811 839 2874 insidentem
850 2812 976 2884 throno,
987 2827 1006 2872 a
1016 2810 1127 2891 viginti
1143 2824 1215 2888 qua

136 2898 384 2961 tnortenioribm
398 2900 505 2963 beatos
518 2897 805 2977 repraesentantibus
819 2895 1036 2959 circumdatum
1046 2901 1215 2956 tenentem-

134 2976 297 3061 que‘mann
305 2985 429 3057 librum,
440 2984 525 3065 cujus
541 2991 717 3047 contentum
728 2983 787 3045 soli
796 2985 872 3056 Deo,
884 2991 915 3046 et
925 2985 1024 3063 Agno,
1036 2982 1090 3061 qui
1105 2981 1214 3043 throno

134 3064 250 3141 admi,
261 3078 367 3133 notram
380 3079 435 3133 est.

171 3150 210 3218 C.
222 3154 285 3218 b-o.
299 3157 329 3228 ⁷,
346 3159 480 3219 loannes
491 3156 579 3218 videt
598 3153 710 3233 aperiri
720 3154 851 3227 librum,
864 3155 898 3215 in
913 3169 973 3231 quo
986 3166 1104 3230 magnae
1118 3150 1215 3231 plagae

135 3238 248 3307 naute
265 3252 352 3317 sunt,
375 3245 408 3306 in
428 3245 542 3309 Christi
561 3243 721 3321 religionis
737 3241 841 3304 hostes
858 3241 992 3302 ruiturae.
1005 3237 1143 3308 Fideles.
1159 3253 1216 3299 sen

133 3328 249 3410 egnati
259 3329 293 3392 iu
303 3329 419 3402 fronte,
431 3329 542 3391 abillis
554 3328 704 3390 immunes
712 3336 813 3391 erunt.
1205 3320 1209 3338 '

171 3412 211 3479 C
229 3414 301 3479 8·C.
314 3415 344 3487 9,
358 3416 428 3476 ΗΞ
440 3415 571 3477 occmrit
583 3414 677 3483 visio,
690 3413 724 3473 in
735 3430 795 3490 qna
806 3418 989 3493 preparatur
999 3409 1137 3472 executio
1149 3408 1215 3488 pla·

134 3512 243 3579 germar
259 3501 472 3574 iudicatarum,
492 3519 560 3580 quae
581 3500 654 3562 dein
671 3499 705 3560 in
720 3498 845 3562 Judaeos
861 3505 963 3560 ruunt
978 3496 1078 3559 ludaei
1091 3496 1216 3557 interae

136 3584 294 3649 dioeordes
306 3586 398 3660 iimt,
411 3589 493 3650 acin
506 3589 658 3648 Romanos
671 3586 842 3665 insurgunt.

171 3670 246 3744 (29,
254 3671 331 3735 t'ec.
344 3674 390 3746 il,
400 3675 604 3734 Romanorum
611 3673 762 3732 exercitus
770 3669 961 3735 Palaestinam
970 3673 1105 3749 occupat.
1113 3664 1216 3730 Chris·

134 3754 214 3821 tiam
225 3757 370 3820 (licuntur
377 3776 448 3819 mox
459 3775 478 3819 a
489 3755 886 3836 Judaeorumpersecutione
903 3752 1070 3825 liberandi,
1089 3759 1121 3813 et
1139 3749 1215 3813 ilie·

133 3840 289 3922 roeulyma
299 3861 370 3904 mox
382 3841 601 3914 subvertenda,
618 3841 703 3921 cujus
721 3841 809 3901 ruina
830 3840 976 3918 sequitur.
989 3841 1029 3899 Et
1047 3854 1086 3898 en
1103 3837 1217 3899 cultum

135 3932 171 3991 et
181 3934 293 3991 statum
303 3929 480 3991 ludaeorum
488 3928 670 4000 destructos,
686 3934 717 3989 et
728 3925 916 3991 Christianos
927 3926 966 3986 ab
978 3924 1099 3987 iliorum
1112 3939 1216 4005 perse-

135 4012 313 4081 flfiunibus
322 4014 488 4077 liberatos!

173 4098 211 4164 Τ
219 4100 256 4167 C.
275 4101 352 4164 iic.
368 4101 403 4162 it
415 4100 501 4165 videt
513 4102 647 4164 Joannes
658 4097 773 4165 Christi
785 4096 966 4179 religionem
977 4094 1136 4178 gentilium
1152 4096 1223 4158 ito«.
