2708 4846
399 496 588 547 erenonuu
607 496 805 549 saenonnu.
850 464 857 471 ’
1093 502 1139 553 aas

62 593 110 657 alii
122 595 213 657 aimrt
228 590 508 655 commendationes
520 594 706 656 obedientiae
720 594 902 658 exhibendae
924 597 992 677 regi
1002 597 1076 660 licet
1088 596 1140 661 hic

61 683 98 745 sit
112 680 263 759 injustus,
283 680 445 760 insipiens,
467 698 571 742 servos
588 690 619 743 et
635 681 761 743 stolidos
775 682 814 743 ad
830 682 994 762 dignitates
1013 685 1138 757 evehat,

60 768 197 831 indicare
210 774 347 839 aetatem,
361 783 420 845 qua
431 768 531 829 Judaei
545 784 648 847 regem
660 768 829 840 habebant,
842 770 1007 849 primisque
1017 788 1141 852 respon-

60 855 133 917 dent
141 853 283 915 indolem
294 852 406 933 linguae
419 852 535 914 clarum
546 855 753 915 testimonium
763 873 825 917 uon
836 856 1031 937 suppeditare
1043 860 1141 922 acutis

59 1031 188 1093 ticormn
203 1036 276 1089 ante
294 1028 501 1108 captivitatem
511 1030 726 1108 babylonicam
744 1032 889 1114 scriptum
909 1039 972 1105 est,
994 1042 1026 1095 et
1046 1051 1139 1100 voces

59 1115 232 1179 chaldaicas
243 1114 346 1176 serbis
355 1114 487 1176 hebraeis
499 1116 645 1177 admixtas
654 1116 757 1177 habet.

60 1204 360 1374 lpguffiplplrlqpem
372 1212 526 1266 auctorem
537 1205 729 1267 Ecclesiastis
741 1212 875 1270 statuamt
887 1204 952 1286 ejus
963 1212 1084 1271 aetatem
1099 1224 1138 1273 eo

185 1420 203 1489 s
216 1424 306 1472 cxvll.
317 1448 348 1462 -
357 1423 546 1486 Argumentum,
556 1437 644 1488 scopus
654 1425 680 1475 et
689 1425 767 1489 stylus
777 1426 836 1476 libri
845 1427 1007 1480 ecclesiastis.

93 1538 1140 1623 volutareturhujuslibrisariasproponitobservationcsdemoliari-

58 1626 148 1691 nibns
163 1626 322 1687 bominum
337 1626 375 1687 ad
387 1626 562 1689 felicitatem
575 1630 834 1708 consequendam,
849 1633 981 1695 ethosce
993 1633 1140 1700 humanos

59 1721 184 1777 conatus
195 1729 290 1774 vanos
302 1719 334 1773 ct
344 1713 486 1774 molestos
498 1713 583 1775 dicit.
598 1717 674 1778 Cum
688 1717 778 1776 homo
793 1734 850 1796 per
864 1720 966 1779 omnia
976 1738 1030 1782 sua
1040 1723 1139 1783 studia

58 1816 164 1863 veram
173 1798 352 1861 felicitatem
362 1799 395 1860 in
403 1797 463 1860 hoc
472 1800 585 1861 mundo
596 1800 738 1862 obtinere
750 1810 896 1879 nequeat,
909 1805 1079 1879 diceretur,
1092 1809 1139 1869 illi

57 1885 103 1947 nil
113 1884 199 1948 aliud
209 1903 299 1965 quam
308 1887 402 1948 edere
411 1894 443 1948 et
451 1887 573 1957 bibere,
584 1892 619 1946 ut
625 1893 729 1948 auctor
736 1887 790 1960 ait,
800 1888 898 1949 inboc
907 1890 1020 1951 murrdo
1036 1909 1139 1973 super-

59 1990 135 2038 esse.
150 1976 233 2037 Hinc
246 1976 337 2037 docet
347 1975 545 2036 Ecclesiastcs
558 1974 709 2053 quomodo
724 1975 792 2053 quis
815 1976 934 2037 tristem
949 1978 1029 2042 banc
1044 1982 1139 2042 vitam

58 2058 204 2123 alleviare
222 2054 333 2143 possit,
353 2061 444 2123 bonis
462 2061 573 2122 creatis
593 2059 750 2122 moderate
773 2062 905 2133 utendo,
924 2065 1082 2145 Deumque
1100 2068 1139 2130 ti-

57 2148 169 2210 mendo
180 2148 228 2226 (c.
246 2148 301 2208 ult.
317 2166 347 2210 v.
361 2148 749 2227 inneneuuendiun
763 2150 895 2211 auctoris
911 2152 1032 2214 nonnisi
1044 2154 1139 2217 vitam

56 2240 239 2317 pmentem
251 2234 420 2313 generatim
433 2234 617 2314 respiciunt,
632 2241 664 2295 ct
675 2232 748 2295 hinc
761 2252 788 2296 c.
801 2234 835 2305 ὅ,
846 2234 896 2308 le,
911 2244 970 2299 etc.
985 2238 1024 2299 de
1039 2239 1138 2305 lutura

56 2320 123 2383 rita
133 2320 449 2383 manutenenda
467 2336 533 2399 cap.
551 2320 676 2399 lisque
687 2321 725 2382 ad
735 2340 762 2383 c.
773 2323 807 2396 t,
824 2321 876 2395 lti,
890 2325 1080 2404 potissimum
1097 2329 1137 2391 de

54 2406 206 2470 molestiis
222 2423 260 2469 ac
270 2408 404 2470 vanitate
415 2406 504 2486 hujus
517 2408 589 2468 vitae
600 2409 814 2487 conqueritur,·
830 2426 849 2469 a
863 2426 955 2473 versu
967 2421 1068 2476 autem
1082 2416 1135 2489 l7,

56 2512 84 2557 c.
94 2496 125 2569 lt,
133 2494 251 2557 monita
260 2495 423 2574 tranquille
432 2494 557 2557 vivendi
569 2495 691 2556 tradere
703 2498 822 2575 incipit.

92 2582 394 2661 zoascopusigitau
405 2581 596 2642 Ecclesiastis
607 2590 654 2641 cst
665 2580 753 2661 hujus
765 2583 836 2643 vitae
848 2584 1003 2646 molestias
1013 2590 1137 2649 ctvani-

55 2674 151 2743 tate,
168 2667 372 2731 simulantem
383 2666 513 2728 hilarem
527 2666 610 2727 illius
621 2684 709 2727 usnam
720 2666 959 2729 docerevoluit
969 2671 1137 2749 inquietam

54 2755 446 2819 bominmncontcntioncm
452 2753 575 2815 divitias
582 2752 983 2832 accumulandi,dignitatcs,
992 2755 1135 2830 honores,

56 2848 92 2905 et
101 2841 271 2923 voluptates
281 2840 418 2904 sectandi
431 2840 614 2922 reprimere,
623 2838 712 2900 simul
724 2845 826 2900 autem
836 2857 977 2914 monere,
987 2859 1028 2903 ne
1040 2842 1137 2904 homi-

54 2944 115 2991 nes
130 2928 261 2991 innocua
276 2928 499 2990 oblectamenta
518 2926 578 2987 sibi
594 2942 715 3006 prorsus
728 2924 899 3004 denegent,
912 2944 953 2988 ne
970 2928 1065 2990 vitam
1073 2928 1136 3007 J'am

53 3014 215 3077 molestam
234 3014 295 3077 sibi
312 3013 412 3076 adhuc
425 3012 633 3073 molestiorem
647 3009 786 3072 reddant.
800 3012 847 3070 Ex
863 3010 948 3073 hisce
966 3014 1084 3087 elucet,
1102 3017 1136 3077 in

53 3100 240 3163 Ecclesiaste
250 3117 313 3161 non
329 3117 395 3162 esse
407 3100 482 3161 dnos
495 3099 631 3159 diversos
649 3097 826 3173 loquentes,
845 3104 897 3157 aut
912 3096 989 3179 duas
999 3099 1136 3163 diversas

55 3202 167 3259 wces,
179 3186 304 3249 alteram
315 3186 447 3249 auctoris
460 3192 491 3246 et
506 3184 632 3246 alteram
643 3182 819 3263 impiorum,
833 3188 867 3242 ut
877 3182 1016 3245 nonnulli
1031 3186 1136 3247 existi-

53 3278 186 3335 marunt.
205 3274 432 3336 Attentissimus
446 3273 544 3333 lector
560 3270 696 3333 diversas
713 3269 786 3331 istas
805 3284 951 3351 personas
973 3276 1025 3332 aut
1043 3289 1136 3335 voces

52 3358 228 3423 nullatenus
238 3360 378 3423 advertit.

91 3444 195 3525 §tylis
209 3444 298 3523 hujus
312 3446 386 3507 libri
401 3451 447 3507 est
461 3442 586 3505 humilis
599 3450 630 3505 et
642 3443 706 3505 iere
717 3442 881 3524 prosaicus.
898 3442 1135 3508 Observationes

53 3534 209 3597 austun
198 3550 233 3597 an
244 3534 358 3595 ultimis
370 3533 519 3616 capitibus
531 3530 733 3612 majorinum
747 3532 808 3593 sibi
821 3530 977 3594 cohaerent
995 3549 1085 3621 quam
1100 3533 1133 3596 in

53 3616 310 3705 munaus

301 3749 889 3819 scuvm.-u1neuaternueeeuaeus

35 3824 318 3957 amitermis.
330 3868 576 3947 Hieronymus',
593 3867 946 3939 iudeoshunclibrum,
954 3868 1128 3948 etquaedan

37 3912 169 4053 ξῇα
181 3954 350 4018 Salomonis
364 3973 430 4035 qnae
442 3954 611 4035 perierant,
625 3955 781 4016 destruere
794 3954 942 4025 voluisse,
957 3972 994 4014 eo
1006 3956 1130 4035 qnodin

38 4028 233 4151 'domitum
244 4050 396 4105 creaturos
410 4058 591 4117 assentanea,
593 4057 765 4129 mounes
774 4039 997 4123 essenihilum,
1007 4043 1129 4124 ecquod

83 4152 344 4223 tenuandas.
355 4158 415 4223 ult,
425 4170 452 4209 ι
463 4156 502 4213 ta.
