<?xml version="1.0" encoding="UTF-8"?>
<!DOCTYPE html PUBLIC "-//W3C//DTD XHTML 1.0 Transitional//EN"
    "http://www.w3.org/TR/xhtml1/DTD/xhtml1-transitional.dtd">
<html xmlns="http://www.w3.org/1999/xhtml" xml:lang="en" lang="en">
 <head>
  <title>
</title>
<meta http-equiv="Content-Type" content="text/html;charset=utf-8" />
  <meta name='ocr-system' content='tesseract 3.04.00' />
  <meta name='ocr-capabilities' content='ocr_page ocr_carea ocr_par ocr_line ocrx_word'/>
</head>
<body>
  <div class='ocr_page' id='page_1' title='image "./hermeneuticasac00jansgoog_0162.png"; bbox 0 0 2708 4846; ppageno 0'>
   <div class='ocr_carea' id='block_1_1' title="bbox 295 474 1038 530">
    <p class='ocr_par' dir='ltr' id='par_1_1' title="bbox 295 474 1038 530">
     <span class='ocr_line' id='line_1_1' title="bbox 295 474 1038 530; baseline 0.009 -7"><span class='ocrx_word' id='word_1_1' title='bbox 295 475 479 525; x_wconf 72' lang='lat' dir='ltr'><strong>truncavit</strong></span> <span class='ocrx_word' id='word_1_2' title='bbox 497 474 701 528; x_wconf 69' lang='lat' dir='ltr'><strong>sacrorum</strong></span> <span class='ocrx_word' id='word_1_3' title='bbox 990 478 1038 530; x_wconf 66' lang='grc' dir='ltr'><strong>Μ</strong></span> 
     </span>
    </p>
   </div>
   <div class='ocr_carea' id='block_1_2' title="bbox 115 568 1039 1340">
    <p class='ocr_par' dir='ltr' id='par_1_2' title="bbox 115 568 1038 992">
     <span class='ocr_line' id='line_1_2' title="bbox 115 568 1038 649; baseline 0.003 -19"><span class='ocrx_word' id='word_1_4' title='bbox 115 574 170 641; x_wconf 68' lang='lat' dir='ltr'><strong>to„</strong></span> <span class='ocrx_word' id='word_1_5' title='bbox 179 582 306 647; x_wconf 87' lang='lat' dir='ltr'><strong>quornm</strong></span> <span class='ocrx_word' id='word_1_6' title='bbox 312 569 474 646; x_wconf 80' lang='lat' dir='ltr'><strong>antiquitas</strong></span> <span class='ocrx_word' id='word_1_7' title='bbox 486 569 622 631; x_wconf 88' lang='lat' dir='ltr'><strong>aDeistis</strong></span> <span class='ocrx_word' id='word_1_8' title='bbox 631 574 789 649; x_wconf 78' lang='lat' dir='ltr'><strong>tantopere</strong></span> <span class='ocrx_word' id='word_1_9' title='bbox 799 568 964 649; x_wconf 69' lang='lat' dir='ltr'><strong>jactitatum,</strong></span> <span class='ocrx_word' id='word_1_10' title='bbox 971 572 1038 633; x_wconf 91' lang='lat' dir='ltr'><strong>nnl-</strong></span> 
     </span>
     <span class='ocr_line' id='line_1_3' title="bbox 115 655 1035 734; baseline 0.003 -18"><span class='ocrx_word' id='word_1_11' title='bbox 115 673 197 717; x_wconf 87' lang='lat' dir='ltr'><strong>mem</strong></span> <span class='ocrx_word' id='word_1_12' title='bbox 211 655 342 726; x_wconf 86' lang='lat' dir='ltr'><strong>hahent,</strong></span> <span class='ocrx_word' id='word_1_13' title='bbox 352 655 434 734; x_wconf 92' lang='lat' dir='ltr'><strong>quod</strong></span> <span class='ocrx_word' id='word_1_14' title='bbox 445 673 527 716; x_wconf 88' lang='lat' dir='ltr'><strong>mare</strong></span> <span class='ocrx_word' id='word_1_15' title='bbox 542 672 647 716; x_wconf 89' lang='lat' dir='ltr'><strong>eorum</strong></span> <span class='ocrx_word' id='word_1_16' title='bbox 658 656 867 717; x_wconf 88' lang='lat' dir='ltr'><strong>eontinentem</strong></span> <span class='ocrx_word' id='word_1_17' title='bbox 879 658 1035 731; x_wconf 80' lang='lat' dir='ltr'><strong>invaserit,</strong></span> 
     </span>
     <span class='ocr_line' id='line_1_4' title="bbox 115 741 1038 822; baseline 0.002 -19"><span class='ocrx_word' id='word_1_18' title='bbox 115 764 121 803; x_wconf 90' lang='grc' dir='ltr'>ι</span> <span class='ocrx_word' id='word_1_19' title='bbox 133 761 151 804; x_wconf 92' lang='lat' dir='ltr'><strong>a</strong></span> <span class='ocrx_word' id='word_1_20' title='bbox 163 743 226 803; x_wconf 89' lang='lat' dir='ltr'><strong>suis</strong></span> <span class='ocrx_word' id='word_1_21' title='bbox 237 741 400 819; x_wconf 87' lang='lat' dir='ltr'><strong>majoribus</strong></span> <span class='ocrx_word' id='word_1_22' title='bbox 413 742 586 812; x_wconf 90' lang='lat' dir='ltr'><strong>audierunt,</strong></span> <span class='ocrx_word' id='word_1_23' title='bbox 599 742 733 822; x_wconf 87' lang='lat' dir='ltr'><strong>ipsorum</strong></span> <span class='ocrx_word' id='word_1_24' title='bbox 744 742 951 805; x_wconf 86' lang='lat' dir='ltr'><strong>habitationes</strong></span> <span class='ocrx_word' id='word_1_25' title='bbox 963 745 1038 806; x_wconf 90' lang='lat' dir='ltr'><strong>oiim</strong></span> 
     </span>
     <span class='ocr_line' id='line_1_5' title="bbox 115 828 1038 907; baseline 0.004 -19"><span class='ocrx_word' id='word_1_26' title='bbox 115 830 235 888; x_wconf 76' lang='lat' dir='ltr'><strong>iontem</strong></span> <span class='ocrx_word' id='word_1_27' title='bbox 259 828 488 897; x_wconf 75' lang='lat' dir='ltr'><strong>venusiense,</strong></span> <span class='ocrx_word' id='word_1_28' title='bbox 509 834 541 889; x_wconf 92' lang='lat' dir='ltr'><strong>et</strong></span> <span class='ocrx_word' id='word_1_29' title='bbox 565 828 671 907; x_wconf 91' lang='lat' dir='ltr'><strong>populi</strong></span> <span class='ocrx_word' id='word_1_30' title='bbox 693 828 899 890; x_wconf 81' lang='lat' dir='ltr'><strong>occidentales</strong></span> <span class='ocrx_word' id='word_1_31' title='bbox 923 830 1038 892; x_wconf 88' lang='lat' dir='ltr'><strong>nuliam</strong></span> 
     </span>
     <span class='ocr_line' id='line_1_6' title="bbox 115 912 914 992; baseline 0.001 -16"><span class='ocrx_word' id='word_1_32' title='bbox 115 936 136 976; x_wconf 97' lang='lat' dir='ltr'><strong>n</strong></span> <span class='ocrx_word' id='word_1_33' title='bbox 147 916 278 984; x_wconf 86' lang='lat' dir='ltr'><strong>hahent,</strong></span> <span class='ocrx_word' id='word_1_34' title='bbox 288 914 368 992; x_wconf 89' lang='lat' dir='ltr'><strong>quod</strong></span> <span class='ocrx_word' id='word_1_35' title='bbox 382 932 485 977; x_wconf 85' lang='lat' dir='ltr'><strong>eorum</strong></span> <span class='ocrx_word' id='word_1_36' title='bbox 497 915 658 976; x_wconf 83' lang='lat' dir='ltr'><strong>continens</strong></span> <span class='ocrx_word' id='word_1_37' title='bbox 669 912 765 992; x_wconf 84' lang='lat' dir='ltr'><strong>major</strong></span> <span class='ocrx_word' id='word_1_38' title='bbox 774 917 914 977; x_wconf 79' lang='lat' dir='ltr'><strong>evaserit</strong></span> 
     </span>
    </p>

    <p class='ocr_par' dir='ltr' id='par_1_3' title="bbox 115 999 1039 1340">
     <span class='ocr_line' id='line_1_7' title="bbox 115 999 1038 1083; baseline 0.003 -21"><span class='ocrx_word' id='word_1_39' title='bbox 115 1003 163 1063; x_wconf 74' lang='lat' dir='ltr'><strong>iiio</strong></span> <span class='ocrx_word' id='word_1_40' title='bbox 177 1001 360 1062; x_wconf 88' lang='lat' dir='ltr'><strong>insensibilis</strong></span> <span class='ocrx_word' id='word_1_41' title='bbox 371 1000 450 1063; x_wconf 86' lang='lat' dir='ltr'><strong>alvei</strong></span> <span class='ocrx_word' id='word_1_42' title='bbox 462 1001 553 1060; x_wconf 86' lang='lat' dir='ltr'><strong>maris</strong></span> <span class='ocrx_word' id='word_1_43' title='bbox 562 1017 624 1060; x_wconf 91' lang='lat' dir='ltr'><strong>non</strong></span> <span class='ocrx_word' id='word_1_44' title='bbox 634 999 830 1063; x_wconf 82' lang='lat' dir='ltr'><strong>destmxisset</strong></span> <span class='ocrx_word' id='word_1_45' title='bbox 838 1009 1038 1083; x_wconf 83' lang='lat' dir='ltr'><strong>totmngenus</strong></span> 
     </span>
     <span class='ocr_line' id='line_1_8' title="bbox 115 1087 1039 1168; baseline 0.003 -18"><span class='ocrx_word' id='word_1_46' title='bbox 115 1110 137 1161; x_wconf 90' lang='grc' dir='ltr'><strong>ι,</strong></span> <span class='ocrx_word' id='word_1_47' title='bbox 154 1089 210 1150; x_wconf 83' lang='lat' dir='ltr'><strong>sed</strong></span> <span class='ocrx_word' id='word_1_48' title='bbox 237 1087 311 1147; x_wconf 88' lang='lat' dir='ltr'><strong>iilud</strong></span> <span class='ocrx_word' id='word_1_49' title='bbox 331 1087 483 1148; x_wconf 82' lang='lat' dir='ltr'><strong>dumtaxat</strong></span> <span class='ocrx_word' id='word_1_50' title='bbox 509 1087 771 1168; x_wconf 87' lang='lat' dir='ltr'><strong>transplantasset,</strong></span> <span class='ocrx_word' id='word_1_51' title='bbox 792 1106 850 1149; x_wconf 89' lang='lat' dir='ltr'><strong>nee</strong></span> <span class='ocrx_word' id='word_1_52' title='bbox 875 1088 1039 1153; x_wconf 85' lang='lat' dir='ltr'><strong>delevisset</strong></span> 
     </span>
     <span class='ocr_line' id='line_1_9' title="bbox 115 1172 1035 1253; baseline 0.003 -18"><span class='ocrx_word' id='word_1_53' title='bbox 115 1182 269 1237; x_wconf 68' lang='lat' dir='ltr'><strong>&gt;numento</strong></span> <span class='ocrx_word' id='word_1_54' title='bbox 290 1175 408 1241; x_wconf 82' lang='lat' dir='ltr'><strong>artium,</strong></span> <span class='ocrx_word' id='word_1_55' title='bbox 426 1174 639 1243; x_wconf 77' lang='lat' dir='ltr'><strong>scientiarum,</strong></span> <span class='ocrx_word' id='word_1_56' title='bbox 653 1172 852 1250; x_wconf 81' lang='lat' dir='ltr'><strong>humanaeque</strong></span> <span class='ocrx_word' id='word_1_57' title='bbox 864 1174 1035 1253; x_wconf 76' lang='lat' dir='ltr'><strong>industriae,</strong></span> 
     </span>
     <span class='ocr_line' id='line_1_10' title="bbox 125 1260 711 1340; baseline -0.003 -17"><span class='ocrx_word' id='word_1_58' title='bbox 125 1265 231 1340; x_wconf 84' lang='lat' dir='ltr'><strong>Moyse</strong></span> <span class='ocrx_word' id='word_1_59' title='bbox 244 1261 358 1321; x_wconf 80' lang='lat' dir='ltr'><strong>diluvio</strong></span> <span class='ocrx_word' id='word_1_60' title='bbox 372 1260 535 1339; x_wconf 74' lang='lat' dir='ltr'><strong>adsignatae</strong></span> <span class='ocrx_word' id='word_1_61' title='bbox 549 1260 711 1321; x_wconf 87' lang='lat' dir='ltr'><strong>anteriora.</strong></span> 
     </span>
    </p>
   </div>
   <div class='ocr_carea' id='block_1_3' title="bbox 115 1384 905 1447">
    <p class='ocr_par' dir='ltr' id='par_1_4' title="bbox 115 1384 905 1447">
     <span class='ocr_line' id='line_1_11' title="bbox 115 1384 905 1447; baseline 0.001 -13"><span class='ocrx_word' id='word_1_62' title='bbox 115 1388 221 1436; x_wconf 79' lang='lat' dir='ltr'><strong>xxviii.</strong></span> <span class='ocrx_word' id='word_1_63' title='bbox 233 1410 263 1421; x_wconf 94' lang='lat'>-</span> <span class='ocrx_word' id='word_1_64' title='bbox 273 1388 309 1433; x_wconf 85' lang='lat' dir='ltr'><strong>De</strong></span> <span class='ocrx_word' id='word_1_65' title='bbox 320 1385 398 1446; x_wconf 73' lang='lat' dir='ltr'><strong>Plagis</strong></span> <span class='ocrx_word' id='word_1_66' title='bbox 408 1385 518 1446; x_wconf 56' lang='lat' dir='ltr'><strong>mpii,</strong></span> <span class='ocrx_word' id='word_1_67' title='bbox 529 1385 556 1433; x_wconf 82' lang='lat' dir='ltr'><strong>et</strong></span> <span class='ocrx_word' id='word_1_68' title='bbox 565 1384 598 1432; x_wconf 90' lang='lat' dir='ltr'><strong>de</strong></span> <span class='ocrx_word' id='word_1_69' title='bbox 607 1384 763 1433; x_wconf 78' lang='lat' dir='ltr'><strong>mirabilibus</strong></span> <span class='ocrx_word' id='word_1_70' title='bbox 772 1386 905 1447; x_wconf 69' lang='lat' dir='ltr'><strong>Magorum.</strong></span> 
     </span>
    </p>
   </div>
   <div class='ocr_carea' id='block_1_4' title="bbox 115 1493 1040 3736">
    <p class='ocr_par' dir='ltr' id='par_1_5' title="bbox 115 1493 1039 2092">
     <span class='ocr_line' id='line_1_12' title="bbox 115 1493 1037 1574; baseline 0.002 -17"><span class='ocrx_word' id='word_1_71' title='bbox 115 1497 261 1567; x_wconf 84' lang='lat' dir='ltr'><strong>hamone,</strong></span> <span class='ocrx_word' id='word_1_72' title='bbox 285 1493 412 1573; x_wconf 75' lang='lat' dir='ltr'><strong>AEgypti</strong></span> <span class='ocrx_word' id='word_1_73' title='bbox 435 1510 526 1574; x_wconf 80' lang='lat' dir='ltr'><strong>rege,</strong></span> <span class='ocrx_word' id='word_1_74' title='bbox 548 1495 699 1555; x_wconf 86' lang='lat' dir='ltr'><strong>Israelitas</strong></span> <span class='ocrx_word' id='word_1_75' title='bbox 716 1493 853 1555; x_wconf 86' lang='lat' dir='ltr'><strong>libertati</strong></span> <span class='ocrx_word' id='word_1_76' title='bbox 876 1495 1037 1559; x_wconf 84' lang='lat' dir='ltr'><strong>restituere</strong></span> 
     </span>
     <span class='ocr_line' id='line_1_13' title="bbox 115 1581 1039 1662; baseline 0 -17"><span class='ocrx_word' id='word_1_77' title='bbox 115 1584 239 1656; x_wconf 89' lang='lat' dir='ltr'><strong>,edidit</strong></span> <span class='ocrx_word' id='word_1_78' title='bbox 260 1585 380 1661; x_wconf 86' lang='lat' dir='ltr'><strong>Moyses</strong></span> <span class='ocrx_word' id='word_1_79' title='bbox 397 1581 505 1642; x_wconf 90' lang='lat' dir='ltr'><strong>decem</strong></span> <span class='ocrx_word' id='word_1_80' title='bbox 530 1582 689 1653; x_wconf 86' lang='lat' dir='ltr'><strong>miracula,</strong></span> <span class='ocrx_word' id='word_1_81' title='bbox 715 1598 783 1659; x_wconf 78' lang='lat' dir='ltr'><strong>quae</strong></span> <span class='ocrx_word' id='word_1_82' title='bbox 810 1583 915 1644; x_wconf 67' lang='lat' dir='ltr'><strong>metm</strong></span> <span class='ocrx_word' id='word_1_83' title='bbox 938 1582 1039 1662; x_wconf 70' lang='lat' dir='ltr'><strong>rupo</strong></span> 
     </span>
     <span class='ocr_line' id='line_1_14' title="bbox 117 1662 1038 1746; baseline 0 -16"><span class='ocrx_word' id='word_1_84' title='bbox 117 1680 252 1741; x_wconf 84' lang='lat' dir='ltr'><strong>ocantur,</strong></span> <span class='ocrx_word' id='word_1_85' title='bbox 271 1677 303 1729; x_wconf 91' lang='lat' dir='ltr'><strong>ut</strong></span> <span class='ocrx_word' id='word_1_86' title='bbox 322 1671 386 1728; x_wconf 89' lang='lat' dir='ltr'><strong>Deo</strong></span> <span class='ocrx_word' id='word_1_87' title='bbox 403 1668 551 1727; x_wconf 80' lang='lat' dir='ltr'><strong>rebeliem</strong></span> <span class='ocrx_word' id='word_1_88' title='bbox 568 1662 674 1746; x_wconf 80' lang='lat' dir='ltr'><strong>regem&#39;</strong></span> <span class='ocrx_word' id='word_1_89' title='bbox 685 1667 722 1727; x_wconf 88' lang='lat' dir='ltr'><strong>ad</strong></span> <span class='ocrx_word' id='word_1_90' title='bbox 735 1667 909 1727; x_wconf 86' lang='lat' dir='ltr'><strong>libertatem</strong></span> <span class='ocrx_word' id='word_1_91' title='bbox 923 1668 1038 1730; x_wconf 88' lang='lat' dir='ltr'><strong>Judaeis</strong></span> 
     </span>
     <span class='ocr_line' id='line_1_15' title="bbox 116 1752 1038 1837; baseline -0.005 -18"><span class='ocrx_word' id='word_1_92' title='bbox 116 1777 146 1819; x_wconf 93' lang='lat' dir='ltr'><strong>m</strong></span> <span class='ocrx_word' id='word_1_93' title='bbox 166 1765 297 1837; x_wconf 76' lang='lat' dir='ltr'><strong>cogeret.</strong></span> <span class='ocrx_word' id='word_1_94' title='bbox 313 1758 393 1816; x_wconf 79' lang='lat' dir='ltr'><strong>Ante</strong></span> <span class='ocrx_word' id='word_1_95' title='bbox 413 1756 515 1814; x_wconf 89' lang='lat' dir='ltr'><strong>omnia</strong></span> <span class='ocrx_word' id='word_1_96' title='bbox 529 1756 649 1824; x_wconf 71' lang='lat' dir='ltr'><strong>Aaron,</strong></span> <span class='ocrx_word' id='word_1_97' title='bbox 666 1752 780 1829; x_wconf 84' lang='lat' dir='ltr'><strong>Moysis</strong></span> <span class='ocrx_word' id='word_1_98' title='bbox 798 1753 900 1824; x_wconf 84' lang='lat' dir='ltr'><strong>frater,</strong></span> <span class='ocrx_word' id='word_1_99' title='bbox 921 1755 1038 1833; x_wconf 80' lang='lat' dir='ltr'><strong>virgam</strong></span> 
     </span>
     <span class='ocr_line' id='line_1_16' title="bbox 119 1838 1038 1922; baseline -0.01 -17"><span class='ocrx_word' id='word_1_100' title='bbox 119 1845 256 1906; x_wconf 89' lang='lat' dir='ltr'><strong>oiubrum</strong></span> <span class='ocrx_word' id='word_1_101' title='bbox 269 1842 372 1902; x_wconf 84' lang='lat' dir='ltr'><strong>vertit.</strong></span> <span class='ocrx_word' id='word_1_102' title='bbox 386 1839 474 1915; x_wconf 88' lang='lat' dir='ltr'><strong>Quod</strong></span> <span class='ocrx_word' id='word_1_103' title='bbox 484 1838 565 1916; x_wconf 80' lang='lat' dir='ltr'><strong>Magi</strong></span> <span class='ocrx_word' id='word_1_104' title='bbox 578 1838 731 1916; x_wconf 74' lang='lat' dir='ltr'><strong>AEgyptii,</strong></span> <span class='ocrx_word' id='word_1_105' title='bbox 746 1854 873 1914; x_wconf 89' lang='lat' dir='ltr'><strong>quorum</strong></span> <span class='ocrx_word' id='word_1_106' title='bbox 885 1838 1038 1922; x_wconf 79' lang='lat' dir='ltr'><strong>principes</strong></span> 
     </span>
     <span class='ocr_line' id='line_1_17' title="bbox 116 1921 1037 2001; baseline -0.007 -10"><span class='ocrx_word' id='word_1_107' title='bbox 116 1947 206 1991; x_wconf 86' lang='lat' dir='ltr'><strong>annes</strong></span> <span class='ocrx_word' id='word_1_108' title='bbox 220 1936 249 1988; x_wconf 81' lang='lat' dir='ltr'><strong>at</strong></span> <span class='ocrx_word' id='word_1_109' title='bbox 261 1927 413 1986; x_wconf 82' lang='lat' dir='ltr'><strong>anhrrs</strong></span> <span class='ocrx_word' id='word_1_110' title='bbox 427 1925 473 1999; x_wconf 91' lang='lat' dir='ltr'><strong>(ii</strong></span> <span class='ocrx_word' id='word_1_111' title='bbox 487 1924 566 1982; x_wconf 87' lang='lat' dir='ltr'><strong>Tim.</strong></span> <span class='ocrx_word' id='word_1_112' title='bbox 580 1922 608 1992; x_wconf 76' lang='lat'><strong>5,</strong></span> <span class='ocrx_word' id='word_1_113' title='bbox 619 1922 639 1981; x_wconf 88' lang='grc'><strong>8</strong></span> <span class='ocrx_word' id='word_1_114' title='bbox 649 1923 675 2001; x_wconf 90' lang='grc'><strong>),·</strong></span> <span class='ocrx_word' id='word_1_115' title='bbox 687 1921 796 1980; x_wconf 91' lang='lat' dir='ltr'><strong>imitati</strong></span> <span class='ocrx_word' id='word_1_116' title='bbox 809 1929 887 1982; x_wconf 87' lang='lat' dir='ltr'><strong>srmt.</strong></span> <span class='ocrx_word' id='word_1_117' title='bbox 902 1923 964 1984; x_wconf 86' lang='lat' dir='ltr'><strong>Sed</strong></span> <span class='ocrx_word' id='word_1_118' title='bbox 973 1940 1037 1985; x_wconf 82' lang='lat' dir='ltr'><strong>ser·</strong></span> 
     </span>
     <span class='ocr_line' id='line_1_18' title="bbox 116 2006 869 2092; baseline -0.015 -14"><span class='ocrx_word' id='word_1_119' title='bbox 116 2017 176 2078; x_wconf 76' lang='lat' dir='ltr'><strong>onis</strong></span> <span class='ocrx_word' id='word_1_120' title='bbox 187 2020 343 2092; x_wconf 79' lang='lat' dir='ltr'><strong>serpentes</strong></span> <span class='ocrx_word' id='word_1_121' title='bbox 356 2012 511 2087; x_wconf 80' lang='lat' dir='ltr'><strong>Magorum</strong></span> <span class='ocrx_word' id='word_1_122' title='bbox 522 2007 681 2068; x_wconf 83' lang='lat' dir='ltr'><strong>devoravit</strong></span> <span class='ocrx_word' id='word_1_123' title='bbox 693 2007 704 2083; x_wconf 94' lang='lat'>(</span> <span class='ocrx_word' id='word_1_124' title='bbox 714 2006 809 2066; x_wconf 83' lang='lat' dir='ltr'><strong>Exod.</strong></span> <span class='ocrx_word' id='word_1_125' title='bbox 820 2007 869 2084; x_wconf 79' lang='lat'><strong>7).</strong></span> 
     </span>
    </p>

    <p class='ocr_par' dir='ltr' id='par_1_6' title="bbox 116 2092 1038 2348">
     <span class='ocr_line' id='line_1_19' title="bbox 116 2092 1038 2180; baseline -0.008 -17"><span class='ocrx_word' id='word_1_126' title='bbox 116 2104 191 2180; x_wconf 78' lang='lat' dir='ltr'><strong>tinga</strong></span> <span class='ocrx_word' id='word_1_127' title='bbox 204 2097 329 2176; x_wconf 79' lang='lat' dir='ltr'><strong>AEgypti</strong></span> <span class='ocrx_word' id='word_1_128' title='bbox 344 2093 399 2154; x_wconf 85' lang='lat' dir='ltr'><strong>tuit</strong></span> <span class='ocrx_word' id='word_1_129' title='bbox 410 2093 536 2153; x_wconf 89' lang='lat' dir='ltr'><strong>mutatio</strong></span> <span class='ocrx_word' id='word_1_130' title='bbox 547 2109 690 2170; x_wconf 82' lang='lat' dir='ltr'><strong>aqrrarum</strong></span> <span class='ocrx_word' id='word_1_131' title='bbox 700 2092 763 2152; x_wconf 89' lang='lat' dir='ltr'><strong>Nili</strong></span> <span class='ocrx_word' id='word_1_132' title='bbox 772 2136 780 2161; x_wconf 93' lang='lat'>‚</span> <span class='ocrx_word' id='word_1_133' title='bbox 790 2092 920 2164; x_wconf 88' lang='lat' dir='ltr'><strong>laeuum,</strong></span> <span class='ocrx_word' id='word_1_134' title='bbox 932 2100 1038 2173; x_wconf 75' lang='lat' dir='ltr'><strong>puteo</strong></span> 
     </span>
     <span class='ocr_line' id='line_1_20' title="bbox 128 2177 1037 2261; baseline -0.012 -13"><span class='ocrx_word' id='word_1_135' title='bbox 128 2190 161 2248; x_wconf 94' lang='lat' dir='ltr'><strong>in</strong></span> <span class='ocrx_word' id='word_1_136' title='bbox 175 2185 365 2261; x_wconf 80' lang='lat' dir='ltr'><strong>sanguinem,</strong></span> <span class='ocrx_word' id='word_1_137' title='bbox 384 2181 572 2259; x_wconf 75' lang='lat' dir='ltr'><strong>pisciumque</strong></span> <span class='ocrx_word' id='word_1_138' title='bbox 593 2177 734 2239; x_wconf 90' lang='lat' dir='ltr'><strong>interitus</strong></span> <span class='ocrx_word' id='word_1_139' title='bbox 751 2178 868 2256; x_wconf 87' lang='lat' dir='ltr'><strong>(Exod.</strong></span> <span class='ocrx_word' id='word_1_140' title='bbox 881 2178 929 2257; x_wconf 87' lang='lat'><strong>7).</strong></span> <span class='ocrx_word' id='word_1_141' title='bbox 948 2180 1037 2258; x_wconf 85' lang='lat' dir='ltr'><strong>Quod</strong></span> 
     </span>
     <span class='ocr_line' id='line_1_21' title="bbox 116 2262 747 2348; baseline -0.019 -13"><span class='ocrx_word' id='word_1_142' title='bbox 116 2272 218 2335; x_wconf 89' lang='lat' dir='ltr'><strong>raonis</strong></span> <span class='ocrx_word' id='word_1_143' title='bbox 231 2269 343 2348; x_wconf 86' lang='lat' dir='ltr'><strong>pariter·</strong></span> <span class='ocrx_word' id='word_1_144' title='bbox 356 2265 463 2324; x_wconf 91' lang='lat' dir='ltr'><strong>imitati</strong></span> <span class='ocrx_word' id='word_1_145' title='bbox 477 2272 545 2325; x_wconf 89' lang='lat' dir='ltr'><strong>sunt</strong></span> <span class='ocrx_word' id='word_1_146' title='bbox 558 2262 651 2343; x_wconf 74' lang='lat' dir='ltr'><strong>(ibi).</strong></span> <span class='ocrx_word' id='word_1_147' title='bbox 743 2336 747 2343; x_wconf 18' lang='grc' dir='ltr'><em>ι</em></span> 
     </span>
    </p>

    <p class='ocr_par' dir='ltr' id='par_1_7' title="bbox 116 2349 1038 2518">
     <span class='ocr_line' id='line_1_22' title="bbox 117 2349 1038 2433; baseline -0.01 -12"><span class='ocrx_word' id='word_1_148' title='bbox 117 2366 195 2421; x_wconf 87' lang='lat' dir='ltr'><strong>aest</strong></span> <span class='ocrx_word' id='word_1_149' title='bbox 212 2359 356 2415; x_wconf 90' lang='lat' dir='ltr'><strong>immensa</strong></span> <span class='ocrx_word' id='word_1_150' title='bbox 370 2355 522 2414; x_wconf 81' lang='lat' dir='ltr'><strong>hanarum</strong></span> <span class='ocrx_word' id='word_1_151' title='bbox 538 2350 708 2432; x_wconf 88' lang='lat' dir='ltr'><strong>productio.</strong></span> <span class='ocrx_word' id='word_1_152' title='bbox 721 2349 810 2429; x_wconf 87' lang='lat' dir='ltr'><strong>Quod</strong></span> <span class='ocrx_word' id='word_1_153' title='bbox 823 2356 854 2412; x_wconf 88' lang='lat' dir='ltr'><strong>et</strong></span> <span class='ocrx_word' id='word_1_154' title='bbox 872 2350 953 2433; x_wconf 83' lang='lat' dir='ltr'><strong>Magi</strong></span> <span class='ocrx_word' id='word_1_155' title='bbox 968 2364 1038 2418; x_wconf 85' lang='lat' dir='ltr'><strong>sunt</strong></span> 
     </span>
     <span class='ocr_line' id='line_1_23' title="bbox 116 2443 614 2518; baseline -0.02 -11"><span class='ocrx_word' id='word_1_156' title='bbox 116 2446 200 2508; x_wconf 79' lang='lat' dir='ltr'><strong>ixod.</strong></span> <span class='ocrx_word' id='word_1_157' title='bbox 214 2443 262 2518; x_wconf 80' lang='lat'><strong>8).</strong></span> <span class='ocrx_word' id='word_1_158' title='bbox 611 2486 614 2492; x_wconf 95' lang='lat'><em>.</em></span> 
     </span>
    </p>

    <p class='ocr_par' dir='ltr' id='par_1_8' title="bbox 116 2519 1037 2766">
     <span class='ocr_line' id='line_1_24' title="bbox 116 2519 1037 2605; baseline -0.005 -13"><span class='ocrx_word' id='word_1_159' title='bbox 116 2539 156 2595; x_wconf 80' lang='lat' dir='ltr'><strong>est</strong></span> <span class='ocrx_word' id='word_1_160' title='bbox 168 2524 395 2590; x_wconf 83' lang='lat' dir='ltr'><strong>innumerabilis</strong></span> <span class='ocrx_word' id='word_1_161' title='bbox 406 2520 576 2601; x_wconf 83' lang='lat' dir='ltr'><strong>sciniphum</strong></span> <span class='ocrx_word' id='word_1_162' title='bbox 591 2521 751 2583; x_wconf 91' lang='lat' dir='ltr'><strong>multitudo</strong></span> <span class='ocrx_word' id='word_1_163' title='bbox 764 2519 877 2598; x_wconf 87' lang='lat' dir='ltr'><strong>(Exod.</strong></span> <span class='ocrx_word' id='word_1_164' title='bbox 885 2524 905 2584; x_wconf 90' lang='lat'>8</span> <span class='ocrx_word' id='word_1_165' title='bbox 914 2524 936 2602; x_wconf 90' lang='lat'><strong>).</strong></span> <span class='ocrx_word' id='word_1_166' title='bbox 948 2525 1037 2605; x_wconf 86' lang='lat' dir='ltr'><strong>Quod</strong></span> 
     </span>
     <span class='ocr_line' id='line_1_25' title="bbox 116 2608 1034 2690; baseline -0.005 -11"><span class='ocrx_word' id='word_1_167' title='bbox 116 2622 122 2679; x_wconf 90' lang='lat' dir='ltr'><strong>i</strong></span> <span class='ocrx_word' id='word_1_168' title='bbox 135 2615 248 2678; x_wconf 88' lang='lat' dir='ltr'><strong>imitari</strong></span> <span class='ocrx_word' id='word_1_169' title='bbox 261 2611 340 2672; x_wconf 82' lang='lat' dir='ltr'><strong>haud</strong></span> <span class='ocrx_word' id='word_1_170' title='bbox 353 2610 530 2690; x_wconf 88' lang='lat' dir='ltr'><strong>potuissent,</strong></span> <span class='ocrx_word' id='word_1_171' title='bbox 544 2608 692 2668; x_wconf 89' lang='lat' dir='ltr'><strong>Pharaoni</strong></span> <span class='ocrx_word' id='word_1_172' title='bbox 706 2608 745 2669; x_wconf 91' lang='lat' dir='ltr'><strong>de</strong></span> <span class='ocrx_word' id='word_1_173' title='bbox 758 2610 862 2687; x_wconf 87' lang='lat' dir='ltr'><strong>Moyse</strong></span> <span class='ocrx_word' id='word_1_174' title='bbox 874 2610 1034 2675; x_wconf 84' lang='lat' dir='ltr'><strong>dixemmt:</strong></span> 
     </span>
     <span class='ocr_line' id='line_1_26' title="bbox 117 2702 486 2766; baseline -0.022 0"><span class='ocrx_word' id='word_1_175' title='bbox 117 2706 198 2766; x_wconf 70' lang='lat' dir='ltr'><strong>diest</strong></span> <span class='ocrx_word' id='word_1_176' title='bbox 210 2702 265 2760; x_wconf 80' lang='lat' dir='ltr'><strong>itit.</strong></span> <span class='ocrx_word' id='word_1_177' title='bbox 483 2716 486 2721; x_wconf 85' lang='lat'>&#39;</span> 
     </span>
    </p>

    <p class='ocr_par' dir='ltr' id='par_1_9' title="bbox 116 2778 1037 2953">
     <span class='ocr_line' id='line_1_27' title="bbox 123 2778 1037 2863; baseline -0.005 -11"><span class='ocrx_word' id='word_1_178' title='bbox 123 2799 170 2853; x_wconf 88' lang='lat' dir='ltr'><strong>est</strong></span> <span class='ocrx_word' id='word_1_179' title='bbox 187 2791 331 2848; x_wconf 86' lang='lat' dir='ltr'><strong>immensa</strong></span> <span class='ocrx_word' id='word_1_180' title='bbox 349 2798 516 2843; x_wconf 80' lang='lat' dir='ltr'><strong>nausearum</strong></span> <span class='ocrx_word' id='word_1_181' title='bbox 528 2779 615 2857; x_wconf 86' lang='lat' dir='ltr'><strong>eopia</strong></span> <span class='ocrx_word' id='word_1_182' title='bbox 627 2779 685 2857; x_wconf 90' lang='lat' dir='ltr'><strong>(ih.</strong></span> <span class='ocrx_word' id='word_1_183' title='bbox 696 2778 725 2856; x_wconf 89' lang='lat'><strong>),</strong></span> <span class='ocrx_word' id='word_1_184' title='bbox 738 2798 805 2863; x_wconf 85' lang='lat' dir='ltr'><strong>quae</strong></span> <span class='ocrx_word' id='word_1_185' title='bbox 818 2781 924 2843; x_wconf 79' lang='lat' dir='ltr'><strong>rtattu</strong></span> <span class='ocrx_word' id='word_1_186' title='bbox 936 2782 1037 2847; x_wconf 88' lang='lat' dir='ltr'><strong>orien-</strong></span> 
     </span>
     <span class='ocr_line' id='line_1_28' title="bbox 116 2882 300 2953; baseline -0.027 -20"><span class='ocrx_word' id='word_1_187' title='bbox 116 2882 300 2953; x_wconf 80' lang='lat' dir='ltr'><strong>epulantur.</strong></span> 
     </span>
    </p>

    <p class='ocr_par' dir='ltr' id='par_1_10' title="bbox 116 2952 661 3039">
     <span class='ocr_line' id='line_1_29' title="bbox 116 2952 661 3039; baseline -0.026 -14"><span class='ocrx_word' id='word_1_188' title='bbox 116 2972 171 3025; x_wconf 75' lang='lat' dir='ltr'><strong>&#39;est</strong></span> <span class='ocrx_word' id='word_1_189' title='bbox 183 2961 275 3039; x_wconf 79' lang='lat' dir='ltr'><strong>pestis</strong></span> <span class='ocrx_word' id='word_1_190' title='bbox 288 2959 318 3016; x_wconf 92' lang='lat' dir='ltr'><strong>in</strong></span> <span class='ocrx_word' id='word_1_191' title='bbox 330 2954 474 3035; x_wconf 87' lang='lat' dir='ltr'><strong>jumentis</strong></span> <span class='ocrx_word' id='word_1_192' title='bbox 486 2952 599 3028; x_wconf 82' lang='lat' dir='ltr'><strong>(Exnd.</strong></span> <span class='ocrx_word' id='word_1_193' title='bbox 613 2952 661 3027; x_wconf 82' lang='lat'><strong>9).</strong></span> 
     </span>
    </p>

    <p class='ocr_par' dir='ltr' id='par_1_11' title="bbox 116 3033 736 3115">
     <span class='ocr_line' id='line_1_30' title="bbox 116 3033 736 3115; baseline -0.023 -3"><span class='ocrx_word' id='word_1_194' title='bbox 116 3052 202 3112; x_wconf 87' lang='lat' dir='ltr'><strong>ieera</strong></span> <span class='ocrx_word' id='word_1_195' title='bbox 215 3049 246 3107; x_wconf 93' lang='lat' dir='ltr'><strong>in</strong></span> <span class='ocrx_word' id='word_1_196' title='bbox 259 3043 431 3104; x_wconf 88' lang='lat' dir='ltr'><strong>hominihus</strong></span> <span class='ocrx_word' id='word_1_197' title='bbox 445 3046 475 3098; x_wconf 87' lang='lat' dir='ltr'><strong>et</strong></span> <span class='ocrx_word' id='word_1_198' title='bbox 485 3038 627 3115; x_wconf 86' lang='lat' dir='ltr'><strong>jumentis</strong></span> <span class='ocrx_word' id='word_1_199' title='bbox 640 3033 736 3114; x_wconf 77' lang='lat' dir='ltr'><strong>(in).</strong></span> 
     </span>
    </p>

    <p class='ocr_par' dir='ltr' id='par_1_12' title="bbox 117 3121 803 3216">
     <span class='ocr_line' id='line_1_31' title="bbox 117 3121 803 3216; baseline -0.022 -22"><span class='ocrx_word' id='word_1_200' title='bbox 117 3133 259 3216; x_wconf 82' lang='lat' dir='ltr'><strong>agrando</strong></span> <span class='ocrx_word' id='word_1_201' title='bbox 272 3121 496 3199; x_wconf 89' lang='lat' dir='ltr'><strong>terribilis(ib.</strong></span> <span class='ocrx_word' id='word_1_202' title='bbox 511 3124 532 3197; x_wconf 90' lang='lat'><strong>).</strong></span> <span class='ocrx_word' id='word_1_203' title='bbox 801 3202 803 3206; x_wconf 10' lang='grc' dir='ltr'><em>Α</em></span> 
     </span>
    </p>

    <p class='ocr_par' dir='ltr' id='par_1_13' title="bbox 124 3207 801 3302">
     <span class='ocr_line' id='line_1_32' title="bbox 124 3207 801 3302; baseline -0.022 -18"><span class='ocrx_word' id='word_1_204' title='bbox 124 3224 232 3302; x_wconf 85' lang='lat' dir='ltr'><strong>ingens</strong></span> <span class='ocrx_word' id='word_1_205' title='bbox 245 3221 425 3278; x_wconf 78' lang='lat' dir='ltr'><strong>locustarum</strong></span> <span class='ocrx_word' id='word_1_206' title='bbox 437 3208 596 3270; x_wconf 90' lang='lat' dir='ltr'><strong>multitudo</strong></span> <span class='ocrx_word' id='word_1_207' title='bbox 611 3207 723 3285; x_wconf 78' lang='lat' dir='ltr'><strong>(Euod.</strong></span> <span class='ocrx_word' id='word_1_208' title='bbox 736 3209 772 3269; x_wconf 84' lang='lat' dir='ltr'><strong>to</strong></span> <span class='ocrx_word' id='word_1_209' title='bbox 781 3209 801 3285; x_wconf 89' lang='lat'><strong>).</strong></span> 
     </span>
    </p>

    <p class='ocr_par' dir='ltr' id='par_1_14' title="bbox 117 3296 1039 3459">
     <span class='ocr_line' id='line_1_33' title="bbox 117 3296 1039 3383; baseline -0.017 -10"><span class='ocrx_word' id='word_1_210' title='bbox 117 3310 232 3373; x_wconf 76' lang='lat' dir='ltr'><strong>tnebrae</strong></span> <span class='ocrx_word' id='word_1_211' title='bbox 245 3304 447 3371; x_wconf 73' lang='lat' dir='ltr'><strong>densissimae,</strong></span> <span class='ocrx_word' id='word_1_212' title='bbox 463 3316 530 3376; x_wconf 79' lang='lat' dir='ltr'><strong>quae</strong></span> <span class='ocrx_word' id='word_1_213' title='bbox 549 3296 644 3357; x_wconf 90' lang='lat' dir='ltr'><strong>tribus</strong></span> <span class='ocrx_word' id='word_1_214' title='bbox 656 3296 765 3359; x_wconf 88' lang='lat' dir='ltr'><strong>diebus</strong></span> <span class='ocrx_word' id='word_1_215' title='bbox 782 3298 949 3379; x_wconf 78' lang='lat' dir='ltr'><strong>AEgyptum</strong></span> <span class='ocrx_word' id='word_1_216' title='bbox 965 3317 1039 3383; x_wconf 84' lang='lat' dir='ltr'><strong>ope-</strong></span> 
     </span>
     <span class='ocr_line' id='line_1_34' title="bbox 117 3398 188 3459; baseline 0 -1"><span class='ocrx_word' id='word_1_217' title='bbox 117 3398 155 3459; x_wconf 88' lang='lat' dir='ltr'><strong>ih.</strong></span> <span class='ocrx_word' id='word_1_218' title='bbox 180 3440 188 3458; x_wconf 88' lang='lat'><strong>.</strong></span> 
     </span>
    </p>

    <p class='ocr_par' dir='ltr' id='par_1_15' title="bbox 117 3398 1040 3736">
     <span class='ocr_line' id='line_1_35' title="bbox 117 3398 1040 3551; baseline -0.011 -7"><span class='ocrx_word' id='word_1_219' title='bbox 117 3508 122 3544; x_wconf 83' lang='grc' dir='ltr'>ι</span> <span class='ocrx_word' id='word_1_220' title='bbox 147 3398 228 3542; x_wconf 56' lang='lat' dir='ltr'><strong>miore</strong></span> <span class='ocrx_word' id='word_1_221' title='bbox 256 3475 411 3538; x_wconf 89' lang='lat' dir='ltr'><strong>subitanea</strong></span> <span class='ocrx_word' id='word_1_222' title='bbox 428 3470 562 3531; x_wconf 93' lang='lat' dir='ltr'><strong>omnium</strong></span> <span class='ocrx_word' id='word_1_223' title='bbox 580 3469 848 3551; x_wconf 84' lang='lat' dir='ltr'><strong>primogenitorum</strong></span> <span class='ocrx_word' id='word_1_224' title='bbox 864 3479 925 3533; x_wconf 87' lang='lat' dir='ltr'><strong>tam</strong></span> <span class='ocrx_word' id='word_1_225' title='bbox 941 3473 1040 3534; x_wconf 90' lang='lat' dir='ltr'><strong>homi·</strong></span> 
     </span>
     <span class='ocr_line' id='line_1_36' title="bbox 117 3557 1035 3640; baseline -0.008 -11"><span class='ocrx_word' id='word_1_226' title='bbox 117 3588 136 3632; x_wconf 94' lang='lat' dir='ltr'><strong>n</strong></span> <span class='ocrx_word' id='word_1_227' title='bbox 147 3566 336 3632; x_wconf 82' lang='lat' dir='ltr'><strong>animalium,</strong></span> <span class='ocrx_word' id='word_1_228' title='bbox 351 3561 422 3622; x_wconf 87' lang='lat' dir='ltr'><strong>solis</strong></span> <span class='ocrx_word' id='word_1_229' title='bbox 435 3558 578 3621; x_wconf 86' lang='lat' dir='ltr'><strong>israelitis</strong></span> <span class='ocrx_word' id='word_1_230' title='bbox 591 3558 629 3617; x_wconf 85' lang='lat' dir='ltr'><strong>ah</strong></span> <span class='ocrx_word' id='word_1_231' title='bbox 640 3558 694 3616; x_wconf 89' lang='lat' dir='ltr'><strong>iiia</strong></span> <span class='ocrx_word' id='word_1_232' title='bbox 707 3557 841 3637; x_wconf 78' lang='lat' dir='ltr'><strong>exeeptis</strong></span> <span class='ocrx_word' id='word_1_233' title='bbox 851 3557 961 3635; x_wconf 85' lang='lat' dir='ltr'><strong>(Exod.</strong></span> <span class='ocrx_word' id='word_1_234' title='bbox 973 3562 1035 3640; x_wconf 75' lang='lat' dir='ltr'><strong>tr).</strong></span> 
     </span>
     <span class='ocr_line' id='line_1_37' title="bbox 117 3644 1037 3736; baseline -0.007 -23"><span class='ocrx_word' id='word_1_235' title='bbox 117 3673 154 3719; x_wconf 89' lang='lat' dir='ltr'><strong>na</strong></span> <span class='ocrx_word' id='word_1_236' title='bbox 165 3655 252 3736; x_wconf 79' lang='lat' dir='ltr'><strong>plaga</strong></span> <span class='ocrx_word' id='word_1_237' title='bbox 265 3649 452 3711; x_wconf 88' lang='lat' dir='ltr'><strong>Pharaonem</strong></span> <span class='ocrx_word' id='word_1_238' title='bbox 466 3645 505 3705; x_wconf 90' lang='lat' dir='ltr'><strong>ad</strong></span> <span class='ocrx_word' id='word_1_239' title='bbox 517 3644 713 3705; x_wconf 87' lang='lat' dir='ltr'><strong>dimittendos</strong></span> <span class='ocrx_word' id='word_1_240' title='bbox 725 3644 870 3704; x_wconf 86' lang='lat' dir='ltr'><strong>Hebraeos</strong></span> <span class='ocrx_word' id='word_1_241' title='bbox 884 3646 1003 3708; x_wconf 86' lang='lat' dir='ltr'><strong>induxit</strong></span> <span class='ocrx_word' id='word_1_242' title='bbox 1012 3648 1037 3712; x_wconf 81' lang='lat'><strong>*.</strong></span> 
     </span>
    </p>
   </div>
   <div class='ocr_carea' id='block_1_5' title="bbox 117 3757 1038 3889">
    <p class='ocr_par' dir='ltr' id='par_1_16' title="bbox 117 3757 1038 3889">
     <span class='ocr_line' id='line_1_38' title="bbox 117 3757 1038 3889; baseline -0.005 -73"><span class='ocrx_word' id='word_1_243' title='bbox 117 3766 259 3889; x_wconf 53' lang='lat' dir='ltr'><strong>mum</strong></span> <span class='ocrx_word' id='word_1_244' title='bbox 272 3760 397 3812; x_wconf 82' lang='lat' dir='ltr'><strong>memorie</strong></span> <span class='ocrx_word' id='word_1_245' title='bbox 410 3757 525 3820; x_wconf 77' lang='lat' dir='ltr'><strong>juvando</strong></span> <span class='ocrx_word' id='word_1_246' title='bbox 535 3769 608 3807; x_wconf 80' lang='lat' dir='ltr'><strong>eausa</strong></span> <span class='ocrx_word' id='word_1_247' title='bbox 618 3757 781 3823; x_wconf 74' lang='lat' dir='ltr'><strong>sequentihus</strong></span> <span class='ocrx_word' id='word_1_248' title='bbox 796 3757 950 3819; x_wconf 73' lang='lat' dir='ltr'><strong>simplicum</strong></span> <span class='ocrx_word' id='word_1_249' title='bbox 960 3760 1038 3815; x_wconf 77' lang='lat' dir='ltr'><strong>terri-</strong></span> 
     </span>
    </p>
   </div>
   <div class='ocr_carea' id='block_1_6' title="bbox 179 3926 698 4141">
    <p class='ocr_par' dir='ltr' id='par_1_17' title="bbox 179 3926 671 4091">
     <span class='ocr_line' id='line_1_39' title="bbox 179 3926 671 3974; baseline -0.018 -1"><span class='ocrx_word' id='word_1_250' title='bbox 179 3934 243 3973; x_wconf 71' lang='lat' dir='ltr'><strong>Priu</strong></span> <span class='ocrx_word' id='word_1_251' title='bbox 250 3933 315 3971; x_wconf 64' lang='lat' dir='ltr'><strong>rubent</strong></span> <span class='ocrx_word' id='word_1_252' title='bbox 324 3931 372 3967; x_wconf 77' lang='lat' dir='ltr'><strong>unda</strong></span> <span class='ocrx_word' id='word_1_253' title='bbox 381 3936 416 3967; x_wconf 84' lang='lat' dir='ltr'><strong>ert.</strong></span> <span class='ocrx_word' id='word_1_254' title='bbox 426 3941 509 3965; x_wconf 77' lang='lat' dir='ltr'><strong>ranarum</strong></span> <span class='ocrx_word' id='word_1_255' title='bbox 518 3929 571 3974; x_wconf 66' lang='lat' dir='ltr'><strong>plaga</strong></span> <span class='ocrx_word' id='word_1_256' title='bbox 581 3926 671 3964; x_wconf 75' lang='lat' dir='ltr'><strong>retundat</strong></span> 
     </span>
     <span class='ocr_line' id='line_1_40' title="bbox 179 3983 629 4031; baseline -0.022 -6"><span class='ocrx_word' id='word_1_257' title='bbox 179 3988 226 4025; x_wconf 72' lang='lat' dir='ltr'><strong>hdr</strong></span> <span class='ocrx_word' id='word_1_258' title='bbox 234 3988 284 4024; x_wconf 76' lang='lat' dir='ltr'><strong>etrier</strong></span> <span class='ocrx_word' id='word_1_259' title='bbox 292 3988 354 4026; x_wconf 74' lang='lat' dir='ltr'><strong>terrie.</strong></span> <span class='ocrx_word' id='word_1_260' title='bbox 364 3992 404 4031; x_wconf 83' lang='lat' dir='ltr'><strong>porr</strong></span> <span class='ocrx_word' id='word_1_261' title='bbox 411 3995 472 4019; x_wconf 75' lang='lat' dir='ltr'><strong>marta</strong></span> <span class='ocrx_word' id='word_1_262' title='bbox 481 3984 575 4018; x_wconf 73' lang='lat' dir='ltr'><strong>noceretur</strong></span> <span class='ocrx_word' id='word_1_263' title='bbox 585 3983 629 4016; x_wconf 80' lang='lat' dir='ltr'><strong>inu.</strong></span> 
     </span>
     <span class='ocr_line' id='line_1_41' title="bbox 180 4035 639 4091; baseline -0.015 -14"><span class='ocrx_word' id='word_1_264' title='bbox 180 4036 250 4091; x_wconf 67' lang='lat' dir='ltr'><strong>Quieta</strong></span> <span class='ocrx_word' id='word_1_265' title='bbox 259 4053 311 4087; x_wconf 75' lang='lat' dir='ltr'><strong>petat</strong></span> <span class='ocrx_word' id='word_1_266' title='bbox 321 4041 393 4080; x_wconf 78' lang='lat' dir='ltr'><strong>stravit.</strong></span> <span class='ocrx_word' id='word_1_267' title='bbox 405 4037 498 4073; x_wconf 76' lang='lat' dir='ltr'><strong>aethram</strong></span> <span class='ocrx_word' id='word_1_268' title='bbox 509 4044 556 4072; x_wconf 77' lang='lat' dir='ltr'><strong>serta</strong></span> <span class='ocrx_word' id='word_1_269' title='bbox 566 4035 639 4070; x_wconf 72' lang='lat' dir='ltr'><strong>creavit.</strong></span> 
     </span>
    </p>

    <p class='ocr_par' dir='ltr' id='par_1_18' title="bbox 182 4087 698 4141">
     <span class='ocr_line' id='line_1_42' title="bbox 182 4087 698 4141; baseline -0.01 -10"><span class='ocrx_word' id='word_1_270' title='bbox 182 4092 227 4132; x_wconf 71' lang='lat' dir='ltr'><strong>rur</strong></span> <span class='ocrx_word' id='word_1_271' title='bbox 235 4096 315 4141; x_wconf 75' lang='lat' dir='ltr'><strong>requitur</strong></span> <span class='ocrx_word' id='word_1_272' title='bbox 324 4093 402 4139; x_wconf 66' lang='lat' dir='ltr'><strong>grando.</strong></span> <span class='ocrx_word' id='word_1_273' title='bbox 412 4097 451 4137; x_wconf 82' lang='lat' dir='ltr'><strong>port</strong></span> <span class='ocrx_word' id='word_1_274' title='bbox 457 4091 535 4126; x_wconf 67' lang='lat' dir='ltr'><strong>haehae</strong></span> <span class='ocrx_word' id='word_1_275' title='bbox 546 4090 599 4124; x_wconf 78' lang='lat' dir='ltr'><strong>deute</strong></span> <span class='ocrx_word' id='word_1_276' title='bbox 607 4087 698 4126; x_wconf 74' lang='lat' dir='ltr'><strong>neirnriet</strong></span> 
     </span>
    </p>
   </div>
   <div class='ocr_carea' id='block_1_7' title="bbox 140 4141 664 4201">
    <p class='ocr_par' dir='ltr' id='par_1_19' title="bbox 140 4141 664 4201">
     <span class='ocr_line' id='line_1_43' title="bbox 140 4141 664 4201; baseline -0.011 -14"><span class='ocrx_word' id='word_1_277' title='bbox 140 4176 143 4187; x_wconf 93' lang='lat'><em>.</em></span> <span class='ocrx_word' id='word_1_278' title='bbox 183 4144 452 4201; x_wconf 65' lang='lat' dir='ltr'><strong>luruprtotrnypum</strong></span> <span class='ocrx_word' id='word_1_279' title='bbox 460 4141 664 4197; x_wconf 64' lang='lat' dir='ltr'><strong>mutuatu-proin</strong></span> 
     </span>
    </p>
   </div>
   <div class='ocr_carea' id='block_1_8' title="bbox 0 0 1360 4846">
    <p class='ocr_par' dir='ltr' id='par_1_20' title="bbox 0 0 1360 4846">
     <span class='ocr_line' id='line_1_44' title="bbox 0 0 1360 4846; baseline 0 0"><span class='ocrx_word' id='word_1_280' title='bbox 0 0 1360 4846; x_wconf 95' lang='lat' dir='ltr'><strong> </strong></span> 
     </span>
    </p>
   </div>
  </div>
 </body>
</html>
