2708 4846
145 124 190 173 tm
559 118 603 166 nn
623 112 824 165 turbulenti

144 228 226 284 vera,
237 218 308 284 etta
322 206 516 292 procer-eruin
527 208 649 270 omnino
663 207 820 268 hominum
830 190 932 278 luisse,
944 192 1064 266 inlicita
1073 192 1264 265 ibitito-

143 317 194 362 rus
206 300 245 361 de
257 295 496 359 Thouthebocho
514 301 650 366 testatur,
661 292 749 353 illurn
762 292 794 352 in
810 290 962 371 trimnpho
982 289 1123 362 ducttnn,
1135 306 1264 371 eupr-

142 386 277 465 trophaea
291 402 326 447 ac
341 385 433 462 signa}
440 386 563 442 romana
579 379 668 441 valde
687 379 861 440 eminuisse.
875 377 992 438 Plinius
1010 383 1114 439 narrat
1123 376 1132 400 ¹
1141 421 1151 451 ,
1160 377 1264 441 Ne—

142 473 226 533 rium
235 468 545 532 Pollionemmaximae
554 472 675 526 staturae
683 465 822 525 homines
832 463 913 542 pede
921 462 1044 542 integro
1053 478 1264 542 superasse..

143 557 228 617 ldem
240 556 355 616 Plinius
365 552 490 615 scribit'
504 551 559 613 sub
572 551 700 630 imperio
711 548 830 613 Claudii
845 552 948 608 Rornae
959 548 1050 609 luisse
1063 548 1264 626 quemdam

143 642 325 711 Gabbarim,
337 640 388 717 qui
404 639 422 699 9
438 637 533 718 pedes
549 645 580 697 et
595 636 750 714 ipollices
770 635 924 711 aequabat,
939 640 1028 711 atquc
1048 651 1129 693 anno
1151 634 1221 700 till

141 745 237 807 prope
253 726 437 787 salisburum
454 725 486 783 in
502 722 614 803 Anglia
626 727 779 802 repertum
794 720 850 780 luit
861 719 1017 781 cadaveri
1030 720 1145 798 pedum
1160 723 1216 785 etl

142 814 286 892 polliernn
297 797 525 890 longitudinis³.

180 898 279 960 Hodie
292 897 435 975 equidem
445 895 532 973 pauci
544 892 684 952 homines
694 891 939 953 extraordinariae
957 892 1082 953 omnino
1099 899 1212 963 statura

143 982 422 1065 deprehenduntur,
442 980 496 1041 sed
517 987 617 1040 tamen
634 978 706 1039 hinc
725 979 798 1039 inde
815 977 967 1047 videntur,
984 979 1064 1039 etin
1077 981 1211 1050 Ameria

142 1069 334 1129 meridionali
346 1066 443 1127 adhuc
455 1065 615 1144 Gigantes,
628 1081 682 1124 seu
692 1063 832 1124 homines
844 1081 979 1141 procerae
1001 1067 1210 1145 magnitudini

143 1152 420 1233 deprehenduntur,
434 1168 507 1228 quos
520 1149 601 1210 Galli
613 1149 718 1209 Gicnts
729 1151 876 1227 Pothons
888 1158 1062 1231 nuncupant
1071 1139 1097 1213 ⁸.

178 1239 267 1316 Quod
280 1243 394 1314 spectat
403 1233 416 1312 (
425 1236 503 1296 Gen.
512 1235 542 1305 o,
555 1235 643 1310 l-t)
655 1252 715 1294 vox
728 1234 872 1295 hebraica
887 1235 1034 1313 Nepbitim
1045 1242 1233 1305 necessario

142 1342 204 1384 non
218 1322 367 1403 significat
377 1323 519 1399 gigantes,
533 1339 603 1382 eum
615 1321 729 1400 pariter
746 1318 897 1399 significet
911 1320 1052 1392 latrones,
1066 1325 1224 1405 deprendu-

97 1461 103 1472 .
144 1418 228 1471 tores.
250 1411 329 1470 ilinc
348 1409 470 1487 plurimi
490 1409 686 1486 interpretes,
706 1408 894 1468 recentiores
911 1409 1115 1485 potissimum,
1139 1413 1225 1476 illam

143 1492 631 1576 (Gen.6,lt)perdeproedctores
644 1500 784 1563 vertunt,
798 1494 886 1552 itaut
904 1510 1008 1554 sensus
1021 1496 1077 1567 sit,
1092 1515 1131 1560 ex
1148 1518 1219 1562 eon.

142 1581 243 1643 nubiis
262 1580 418 1641 hominum
433 1578 616 1640 Sethitanrm
633 1585 665 1640 et
679 1580 840 1639 muliennn
854 1579 1040 1642 Cainitarum
1055 1593 1145 1647 natos
1155 1604 1217 1649 esse

142 1666 281 1728 homines
297 1667 429 1735 feroces,
444 1666 608 1736 violentos,
622 1664 859 1743 depredatores,
873 1665 924 1742 qui
941 1683 997 1745 per
1014 1667 1057 1728 ias
1076 1672 1216 1754 nefasque

45 1822 50 1826 ,
143 1770 176 1815 se
188 1755 316 1813 aliorum
329 1750 466 1810 dominos
476 1767 530 1809 seu
543 1757 686 1827 tyrannos
699 1751 927 1810 constituerunt.
942 1752 1053 1814 Sensus
1065 1756 1126 1818 iste
1141 1760 1215 1822 indi·

143 1846 228 1899 catur
242 1839 310 1898 loeo
323 1837 431 1904 citato,
443 1835 496 1893 ubi
516 1836 636 1913 Moyses
650 1836 725 1895 dicit
737 1837 809 1895 istos
821 1843 964 1915 tyrannos
977 1855 1044 1901 esse
1056 1851 1184 1920 potentes
1200 1865 1216 1907 o

143 1923 259 1991 secde,
269 1923 348 1981 viros
358 1919 497 1995 fumosos,
508 1921 624 1997 antiqui
636 1938 745 1999 nempe
755 1921 837 1983 illius
846 1923 904 1982 aevi
915 1921 1120 1992 beroenHine
1132 1931 1216 1995 etiam

142 2024 251 2069 vocem
270 2002 417 2083 Nepbilim
436 2011 593 2064 vertenurt
612 2007 723 2083 Aquila
745 2024 801 2086 per
822 2015 993 2077 Εμπιπιονπς,
1010 2013 1171 2090 intentes,
1190 2028 1216 2082 et

143 2090 339 2171 Symmachus
351 2106 407 2169 per
418 2096 513 2164 Beroea.
526 2088 673 2150 violentos.

179 2179 209 2239 A
225 2178 355 2239 veritate
368 2186 468 2239 autem
485 2177 702 2238 alienissimum
714 2181 776 2253 est,
788 2172 1018 2258 tyrannos'istos
1030 2205 1086 2248 seu
1096 2189 1217 2266 heroas,

142 2263 225 2345 juxta
235 2266 360 2343 Moysen
373 2272 460 2326 natos
480 2281 545 2325 esse
563 2282 600 2324 ex
616 2268 780 2328 concubitu
798 2259 985 2348 Angelorum
998 2291 1067 2334 cum
1085 2279 1222 2343 mulieri-

142 2352 208 2414 bus.
222 2352 352 2431 Vulgata
364 2351 457 2412 habet
468 2352 567 2430 (Gen.
579 2352 612 2425 6,
624 2353 663 2430 2)
677 2373 684 2411 :
699 2375 714 2409 «
728 2355 876 2416 Videntes
889 2354 944 2416 filii
960 2361 1018 2419 Dei
1032 2359 1110 2426 ilias
1126 2364 1221 2429 homi·

142 2459 159 2498 n
172 2457 254 2510 num,
267 2439 348 2517 quod
361 2446 461 2500 essent
471 2439 616 2519 pulchrre,
631 2449 813 2520 acceperunt
825 2442 885 2502 sibi
897 2463 1006 2507 uxores
1018 2466 1055 2508 ex
1067 2454 1220 2529 omnibus,

142 2546 159 2586 a
172 2544 245 2603 quas
258 2527 429 2604 elegerant,
442 2533 501 2586 etc.
512 2545 528 2580 n
541 2526 613 2585 Filii
622 2527 681 2587 Dei
689 2528 823 2607 proiecto
840 2525 900 2590 non
922 2533 1058 2595 indicant
1072 2538 1220 2620 Angelos,

141 2611 196 2672 sed
215 2610 362 2680 Setlritas,
376 2610 513 2670 homines
524 2612 622 2670 Deum
638 2620 793 2685 verentes,
808 2623 839 2675 ot
850 2615 935 2676 Fttiae
946 2617 1095 2682 bominum
1102 2626 1222 2723 p'gnffi.

141 2703 213 2759 eant
223 2697 357 2759 Cainitas
366 2697 510 2756 mulieres
522 2698 647 2762 omnino
658 2701 811 2762 sensuales
824 2710 855 2762 et
868 2713 1032 2783 corruptas.

176 2781 327 2843 Nonnulla
338 2783 519 2860 exemplaria
527 2784 648 2863 antiqua
668 2785 746 2845 Lxx
761 2789 962 2867 interpretum
979 2808 1085 2853 vocem
1095 2795 1223 2864 hebrai.

139 2884 207 2930 cam
218 2867 352 2939 Elobim,
366 2886 432 2946 quae
447 2871 558 2939 Deum,
572 2872 686 2949 artqelos
701 2880 731 2932 et
741 2874 886 2953 prticipes
898 2876 1069 2954 significare
1082 2891 1221 2963 potest*,

139 2953 324 3034 perAnqelos
337 2956 739 3036 reddebant,babebantque
752 2961 819 3020 loco
832 2961 905 3023 Filii
914 2964 984 3033 Dei,
1000 2972 1071 3039 etc,
1084 2978 1222 3035 Aminea

140 3035 327 3113 em,Anqeli
339 3038 409 3105 Dei,
429 3047 486 3101 etc.
501 3041 601 3117 Quare
620 3050 743 3120 propter
759 3043 827 3116 illa,
839 3052 870 3105 et
882 3048 1089 3126 apocryphum
1105 3051 1221 3119 librum

139 3122 278 3195 Henoch,
291 3123 427 3182 nonnulli
440 3127 542 3188 Patres
555 3128 681 3205 antiqui,
697 3130 822 3209 Angelis
832 3135 934 3193 tenuia
944 3153 1070 3215 corpora
1079 3139 1221 3205 tribuen-

138 3215 201 3281 tes,
216 3208 250 3269 in
269 3207 443 3286 opinionem
463 3212 617 3284 abierunt,
638 3216 773 3292 Angelos
800 3218 1025 3296 pulchritudine
1053 3225 1222 3291 mulierum

173 3319 247 3377 'Lon
259 3328 301 3377 cit.
312 3327 374 3375 Vide
385 3329 410 3376 et
427 3331 544 3380 columel.
559 3335 590 3382 de
601 3347 628 3382 re
643 3335 748 3397 mistica,
760 3350 782 3384 c.
795 3339 818 3386 8.
828 3364 857 3373 -
865 3336 877 3372 ²
885 3341 941 3386 Loc.
956 3340 998 3388 cit.
1018 3343 1081 3391 Vide
1089 3345 1219 3409 solinum,

137 3395 295 3446 columellam
314 3399 339 3446 et
356 3398 476 3448 Tacitum.
492 3399 654 3452 -tuazene
672 3404 748 3453 d’Oct.
769 3408 842 3469 llll),
860 3410 888 3457 it
907 3409 975 3470 Sept.
994 3413 1041 3460 art.
1060 3415 1220 3467 Londresa-

137 3461 221 3514 *vide
231 3464 314 3515 l’Abbd
325 3469 430 3516 Prevot:
442 3469 550 3520 ilistoire
562 3473 605 3524 das
615 3486 734 3535 royages,
744 3477 763 3523 t.
776 3478 815 3524 ll.

167 3531 298 3583 'Nonnulli
315 3537 465 3586 recentiores
481 3539 628 3602 interpretes
643 3543 741 3592 textum
758 3545 820 3593 (lon.
831 3546 860 3606 6,
875 3545 904 3607 t,
919 3547 954 3596 ita
970 3554 1113 3610 exponunt:
1131 3571 1147 3599 α
1157 3557 1217 3607 tini

136 3615 153 3649 ι
162 3606 302 3662 magnatum
311 3605 425 3657 ridentes
440 3608 504 3670 quod
515 3611 623 3671 pulchre
634 3614 715 3661 essent
729 3616 845 3664 mulieres
855 3617 971 3679 plebeiae,
986 3627 1147 3682 sumpserunt
1157 3640 1217 3690 eas,

137 3686 153 3719 a
162 3672 277 3750 que-illis
294 3678 494 3758 praeplacnerant.
509 3680 546 3726 Ex
561 3681 607 3730 boc
618 3683 750 3734 concubitu
764 3685 811 3737 orti
825 3688 882 3739 sunt
899 3687 1091 3759 depredatores,
1102 3695 1147 3757 qui
1160 3699 1216 3751 suis

135 3739 271 3816 unumst
280 3744 564 3802 eelebreareddrderunt.
579 3764 594 3798 a
