2708 4846
141 459 189 510 sos
591 456 773 507 orrauorx
824 421 827 427 ’

142 551 280 614 celebres
296 547 488 628 sunt(1ieut.
508 546 547 611 sl
556 550 668 612 elios.
683 546 731 628 8).
744 548 1215 613 SamaritaniinmuuteGarlzin

140 644 226 697 sunm
241 635 388 716 templum
403 634 570 696 habebant.

100 798 103 803 Α
176 720 226 781 Ad
244 720 341 782 dictos
359 728 479 783 montes
496 719 668 781 referuntur
685 719 811 783 celeber
818 735 908 781 mous
921 716 1036 791 morta,
1049 716 1128 782 cuia
1140 719 1216 782 Salo·

139 817 231 867 mone
244 806 389 887 templum
398 804 699 886 hierosolymitanum
712 811 948 888 superstructum
956 804 1030 876 fult,
1043 822 1131 866 mons
1139 806 1215 879 Sion,

139 891 193 952 nbi
214 892 322 954 civitas
348 891 447 953 David
471 892 542 963 tuit,
571 908 658 954 mons
679 886 855 961 olivarum,
876 908 933 953 scu
952 890 1090 963 oliveti,
1113 891 1151 952 ab
1168 892 1217 952 oli·

138 995 245 1040 aarum
261 977 431 1058 frequentia
446 978 491 1041 sic·
502 986 707 1060 nuncupatus,
726 986 759 1040 et
774 977 856 1040 band
872 976 982 1060 procui
1004 978 1217 1057 Hierosolymis

139 1064 261 1128 dissitus
269 1084 278 1137 ;
291 1082 329 1127 ex
342 1064 401 1127 boo
412 1073 515 1127 monte
528 1066 665 1130 Christm
678 1067 712 1127 ln
729 1065 838 1129 coelum
857 1063 1022 1127 adscendit
1035 1083 1044 1124 t
1057 1082 1145 1127 mons
1154 1065 1217 1131 Cal·

138 1151 233 1214 varie
241 1169 336 1232 prope
351 1152 607 1230 Hierosolymam,
622 1153 664 1213 ita
677 1150 861 1234 appellatus,
875 1148 960 1235 quod
972 1146 1100 1232 publico
1111 1151 1215 1230 iudicio

139 1235 272 1299 damnati
298 1237 344 1297 ibi
367 1237 507 1299 ultimum
526 1238 708 1318 supplicium
727 1237 883 1308 subirent,
904 1248 1076 1316 corumque
1097 1237 1215 1300 calvaria

138 1318 204 1385 sslie
221 1325 348 1403 sparsim
358 1321 506 1401 iacerent.
522 1325 556 1384 ln
569 1324 629 1386 hoc
639 1328 743 1386 monte
756 1322 896 1386 Christus
913 1334 990 1406 opus
1005 1324 1215 1405 redemptionis

137 1406 263 1477 humani
275 1410 400 1488 generis
417 1408 597 1491 complevit.

175 1494 207 1555 δ’
226 1496 347 1558 Montes
364 1494 479 1556 Galaad
500 1500 583 1557 trans
599 1497 765 1559 Jordanem
785 1495 854 1567 siti,
877 1496 931 1575 qui
954 1494 1053 1577 longo
1071 1504 1163 1560 tractu
1178 1497 1211 1559 ab

138 1583 317 1646 Antilibano
337 1599 432 1660 usque
451 1583 484 1645 in
503 1584 650 1645 Arabiam
670 1586 817 1647 Petraeam
838 1590 1033 1663 procurrunt.
1050 1587 1091 1646 Hi
1109 1592 1212 1647 montes

137 1667 232 1733 variis
246 1669 279 1730 in
291 1668 368 1731 loeis
381 1668 465 1730 varia
478 1670 644 1731 sortiuntur
654 1670 785 1731 nomina.
799 1668 849 1730 Ad
864 1668 1112 1749 septentrionem
1123 1688 1213 1733 occur·

136 1758 210 1817 nant
221 1762 340 1816 montes
351 1756 459 1827 Basan,
475 1755 526 1833 qui
537 1756 657 1835 pascuis
667 1764 698 1818 et
708 1755 878 1835 quercubus
888 1755 1031 1818 celebres
1040 1756 1167 1819 fuerunt.
1173 1755 1213 1818 Ad

138 1850 272 1905 austrum
292 1849 362 1904 sunt
382 1848 502 1902 montes
525 1842 667 1913 Abarim,
690 1858 766 1919 quos
783 1841 864 1901 inter
887 1852 994 1902 versus
1014 1841 1214 1904 Jerchuntem

138 1929 294 2009 conspicui
307 1934 377 1989 sunt
388 1928 520 1990 vertices
528 1928 615 1990 Nebo
629 1936 661 1990 et
672 1927 805 2008 Phasga,
818 1927 901 1989 unde
923 1928 1025 1989 omnis
1042 1929 1128 2009 regio
1144 1926 1213 1992 Cila-

137 2028 217 2076 naan
229 2013 361 2075 videtur.
374 2013 496 2090 Moyses
510 2006 604 2075 bosca
618 2014 750 2076 vertices
762 2011 942 2075 conscendit
954 2008 995 2074 ad
1014 2012 1143 2076 Terram
1152 2028 1213 2095 pro·

136 2100 260 2161 missam
278 2097 544 2176 contemplandam
558 2098 660 2175 (Dent.
672 2096 721 2170 db,
735 2098 775 2177 l).

175 2184 267 2246 Extra
278 2182 470 2244 Palaestinam
482 2191 645 2245 occurrunt
656 2201 744 2247 mons
761 2182 846 2247 Sinai
859 2182 893 2244 in
908 2183 1027 2245 Arabia
1039 2184 1165 2254 Petra,
1174 2178 1212 2243 cb

136 2269 240 2350 legem
248 2286 337 2348 quarn
346 2268 1021 2350 MoysesibiaDeoaccepit,oeleber(Exod.
1032 2268 1083 2340 bb,
1095 2269 1212 2348 beto),

138 2361 172 2414 et
182 2372 269 2413 mons
279 2349 384 2412 Horeb
397 2348 488 2410 etiam
499 2353 530 2412 in
541 2354 655 2415 Arabia
666 2356 783 2417 Petraea
792 2371 886 2435 prope
896 2360 1037 2417 montem
1046 2356 1212 2430 smmum

137 2437 192 2503 ubi
200 2439 283 2500 Deus
292 2433 433 2516 apparuit
439 2435 538 2515 Moysi
548 2439 581 2500 in
592 2441 669 2501 rubo
682 2440 803 2530 ardenti
814 2440 921 2518 (Exod.
935 2436 965 2511 b,
979 2440 1022 2518 l).

470 2595 488 2664 ς
504 2599 567 2648 vm.
575 2598 729 2648 -ranruos
743 2597 888 2649 momoria.

146 2830 150 2837 Ι
173 2744 247 2802 tte.
270 2743 417 2806 Planities
435 2741 527 2824 bajus
545 2743 697 2820 regionis,
720 2743 755 2804 ln
777 2742 880 2804 Libris
902 2743 1210 2811 mariscalcum,

137 2837 209 2976 md}
218 2919 345 2978 Tractus
353 2917 698 2978 marttimmotorrcmc
708 2912 836 2995 mgyptt
844 2928 942 2994 usque
949 2916 989 2976 ad
1001 2914 1213 2980 montelucat-

137 3002 266 3069 molum,
280 3009 391 3064 traotm
400 3002 507 3063 tGaza
518 3011 613 3080 mque
624 3001 663 3062 ad
673 3003 805 3082 ioppen,
818 3008 851 3062 et
862 3009 974 3063 tractas
983 3018 1002 3063 a
1012 3005 1118 3082 Joppe
1128 3013 1213 3078 mano

138 3085 515 3241 adsilprpprpiltperpij
531 3188 588 3233 seu
603 3171 764 3242 Esdrolon,
778 3187 878 3249 quasa
896 3171 974 3231 mari
993 3172 1213 3233 Mediterranea

138 3264 170 3318 et
182 3259 335 3358 montibus
347 3255 481 3319 Carmeli
490 3274 584 3336 usque
595 3255 635 3317 ad
647 3256 814 3317 Jordanem
820 3273 877 3336 per
886 3256 1021 3319 mediam
1032 3258 1213 3319 eumuna

137 3343 385 3490 prppepppttpppm
402 3425 546 3488 iordanis
561 3443 616 3488 seu
632 3427 725 3488 ambo
745 3426 849 3488 littora
864 3426 1011 3489 Iordanis
1028 3444 1049 3489 a
1069 3428 1140 3490 lacu
1157 3427 1213 3489 (ie-

136 3512 280 3574 nesaretb
299 3528 394 3590 usque
413 3511 453 3572 ad
472 3527 557 3572 mare
571 3513 734 3573 Mortuum·
749 3510 799 3573 Ad
815 3511 893 3573 banc
909 3514 1073 3592 regionem
1084 3516 1213 3593 spectant

136 3598 491 3764 ppppppepppsscbuntls,
505 3599 595 3661 vallis
601 3598 905 3683 salinarumadmare
918 3599 1077 3661 blormum
1101 3610 1213 3662 etmu-

518 3839 590 3906 srx.
600 3842 717 3890 -vnm
731 3843 834 3891 mnam.

175 3980 247 4037 err.
268 3984 352 4043 lntcr
370 3983 465 4044 valles
487 3972 656 4044 Palaestine
677 3981 912 4044 memorabimus
933 3978 1093 4046 dumtaxat
1112 3984 1213 4045 vallem

137 4067 271 4138 annom,
286 4088 381 4155 prope
400 4071 512 4136 moenia
534 4071 755 4150 Hierosolyma
775 4071 879 4143 sitam,
898 4071 931 4130 in
949 4072 1038 4150 cujus
1047 4082 1150 4153 parte,
1162 4073 1212 4130 To
