2716 4838
362 531 407 577 DE
427 529 609 578 truh'stturs
629 529 867 578 neuuuohttu.
1104 526 1149 577 997

100 619 134 684 6”
148 621 248 686 Cadata
260 621 355 698 (hue.
373 620 424 695 96,
440 620 480 698 6)
493 621 678 698 liquidorum
689 637 830 684 mensura
840 623 995 693 Romana,
1014 617 1149 699 ejusdem

62 727 134 769 eum
144 709 217 768 hato
233 707 408 786 capacitatis
418 709 428 784 (
438 707 518 768 coni.
530 725 561 766 n.
577 706 666 782 699).

99 791 132 851 5⁰
147 793 270 853 Decima
285 791 379 868 (ιον.
396 794 448 862 ih,
464 790 833 870 imperpetuum
849 796 968 870 partem
980 790 1083 873 ephae‚
1096 798 1149 854 aut

61 894 236 937 mensuram
248 877 366 954 pomer(
377 877 465 940 eone.
478 895 510 937 n.
522 876 610 956 699).

100 960 133 1020 6“
146 959 325 1036 Lupuncuia.
339 961 398 1020 Per
410 960 489 1023 hane
503 977 611 1022 vocem
628 958 768 1021 hebraeus
790 958 859 1020 heth
875 977 930 1021 seu
946 959 1030 1021 butue
1042 959 1148 1022 reddi·

63 1051 115 1104 tur
127 1041 140 1120 (
152 1044 238 1104 lsaiae
252 1045 284 1115 6,
297 1044 333 1104 10
341 1045 364 1124 ).

99 1127 132 1186 ⁷⁰
143 1129 275 1199 Maurus,
288 1129 327 1189 ab
341 1130 511 1208 interprete
523 1130 619 1190 latino
629 1128 719 1191 modo
725 1130 853 1191 sumitur
862 1146 917 1210 pro
922 1129 1052 1210 cujusvis
1061 1145 1148 1191 meu·

62 1232 142 1275 surae
154 1216 272 1292 speeie,
286 1216 377 1275 modo
385 1234 439 1295 pro
452 1225 532 1287 sato,
544 1223 576 1277 et
583 1215 745 1294 aliquando
756 1233 811 1295 pro
825 1215 903 1295 epha
916 1214 1007 1293 (coni.
1025 1232 1057 1276 n.
1066 1214 1145 1291 699).

62 1300 184 1361 Medius
196 1318 336 1362 mensura
350 1309 415 1361 erat
423 1303 626 1362 Romanorum
638 1319 694 1380 pro
704 1300 815 1375 aridis,
831 1309 863 1362 et
874 1301 1013 1380 aequabat
1026 1300 1147 1362 tertiam

62 1392 182 1464 partem
193 1384 361 1464 amphorae.
372 1404 428 1447 seu
439 1387 526 1465 pedis
539 1387 640 1448 cubici
652 1387 780 1447 romani.

98 1467 132 1528 8⁰
151 1473 291 1530 Mensura
312 1488 424 1532 nomen
451 1472 596 1550 generale
608 1479 670 1541 est;
696 1470 877 1551 quandoque
904 1469 1067 1531 adhibetur
1087 1487 1144 1550 pro

63 1555 155 1635 epha.

99 1640 132 1702 9ο
152 1643 302 1704 Scutarius
316 1643 411 1719 (Lev.
427 1643 545 1719 limi)
567 1661 707 1720 mensura
726 1660 865 1714 romana,
885 1643 1012 1721 liquidis
1022 1659 1144 1704 mensu-

62 1726 167 1787 randis
177 1727 331 1791 ordinarie
343 1728 740 1806 inservienszaequivalehat
751 1727 816 1808 topo
828 1727 1141 1805 Hebraeorumwoni.

63 1830 96 1875 n.
117 1812 205 1889 699).
