2708 4846
145 458 177 516 08
537 459 585 511 ttlt
606 456 833 509 lulnbuela

145 572 212 619 mun
228 555 268 618 de
286 554 499 636 compilatione
517 553 573 618 sub
591 553 708 616 Davide
728 558 799 614 ante
811 549 937 613 tetorte
949 552 1218 617 annosiactanibil

145 642 329 706 audiissent?
350 641 590 714 Anteroboam,
610 639 749 704 subditos
768 656 838 701 suos
859 655 989 718 aregne
1011 639 1093 701 Juda
1104 658 1217 722 semper

144 730 239 810 magis
251 730 443 800 alienaturus,
450 728 529 791 solas
540 729 625 809 leges
636 727 750 806 Moysis
761 726 800 787 ab
812 725 889 796 aliis,
898 743 966 805 qarae
974 727 1006 786 in
1015 727 1217 792 Pentateucho

145 824 262 888 extant,
275 835 336 880 nou
349 823 525 896 separasset,
539 822 571 878 et
582 815 718 885 dixisset,
732 815 804 876 istas
816 815 896 876 solas
909 831 975 876 esse
988 815 1136 876 Israelitis
1148 818 1217 879 obli-

143 905 292 985 gaterias?
303 906 353 966 An
365 923 403 966 ex
417 903 625 980 Pentateucho
637 902 704 962 tolli
714 919 777 962 non
787 900 924 979 jussisset
936 919 1003 980 quae
1016 901 1050 961 in
1063 903 1169 964 Exodo
1182 905 1216 968 ds

145 995 229 1057 cultu
246 995 333 1056 vituli
350 994 435 1055 aurei
447 993 632 1064 reseruntur,
646 998 677 1053 et
689 990 784 1052 cultui
796 991 835 1050 ab
848 990 902 1050 illo
915 989 1090 1052 introducto
1103 992 1216 1055 directe

144 1080 356 1142 adversantur?
375 1080 451 1144 Cann
467 1086 568 1140 autem
588 1076 753 1137 Jeroboam
768 1074 846 1134 nibil
858 1075 966 1135 borum
982 1077 1107 1149 lecerit,
1121 1081 1216 1159 sequi·

144 1175 192 1228 tur
202 1167 439 1229 Pentateucbnm
449 1166 506 1227 isto
520 1182 585 1226 aevo
597 1162 740 1224 Israelitis
755 1162 907 1223 etludaeis
916 1179 1109 1223 communem
1119 1165 1214 1237 inissa

143 1260 176 1316 et
198 1255 311 1316 nubam
332 1254 533 1335 suspicionem
555 1252 594 1312 dc
613 1250 736 1330 praelata
758 1249 971 1329 compilatione
993 1247 1216 1315 fatescentes

143 1340 271 1420 proinde
282 1338 503 1402 Pentateucbes
514 1344 548 1398 ut
560 1344 638 1399 totus
651 1354 726 1414 opus
737 1337 851 1415 Moysis
862 1333 917 1396 lid
929 1334 1016 1396 annis
1027 1343 1098 1416 post
1108 1337 1215 1418 Moysis

144 1426 418 1581 ⁰1'btgrlrntateucbnna
429 1508 622 1590 compilatum
634 1527 697 1571 non
709 1509 802 1571 bisse
816 1523 853 1568 eo
865 1514 1023 1589 tempore,
1037 1508 1121 1587 quod
1132 1511 1212 1571 iero

142 1598 233 1661 boam
241 1599 322 1659 inter
335 1603 367 1658 et
377 1597 505 1674 Moysen
517 1593 636 1656 eilluxit
646 1595 760 1673 liquet,
771 1593 853 1672 qued
865 1592 1098 1674 autographum
1108 1595 1213 1675 Moysis

142 1686 175 1747 in
187 1685 276 1764 adyto
294 1682 482 1745 tabernaculi
502 1682 744 1752 custodiebatur,
759 1688 790 1741 et
802 1681 975 1761 apographa
988 1698 1080 1758 qrram
1092 1682 1215 1763 plurima

141 1769 223 1830 inter
234 1765 406 1830 sacerdotes
415 1764 562 1836 et'laicos,
572 1765 743 1845 praesertim
752 1763 870 1841 Judices
881 1766 986 1825 erant?
999 1764 1032 1825 si
1042 1782 1124 1826 nova
1137 1783 1216 1827 mm·

163 1853 247 1914 ilatio
261 1850 453 1931 contigisset,
466 1858 565 1913 metus
579 1857 610 1911 et
619 1850 832 1911 altereationes
841 1856 916 1910 ortae
928 1850 1055 1912 luissent
1063 1850 1145 1930 apud
1153 1853 1213 1913 lle·

141 1871 241 1997 Brasos
259 1934 490 1996 innovationem
511 1933 751 2004 inimicissimos,
773 1931 882 2010 haeque
894 1931 1052 1992 hominum
1063 1935 1213 1995 memorie

141 2022 259 2083 traditae
272 2021 352 2083 acin
365 2035 464 2081 seram
474 2020 682 2098 posteritatem
694 2021 874 2080 transmissae
887 2020 1025 2080 luissent.

178 2106 378 2170 characteres
392 2122 466 2166 vere
485 2105 644 2167 intrinseci
656 2106 855 2166 Pentateucbi
868 2114 1022 2167 auctorem
1032 2107 1212 2187 legislationi

142 2190 314 2252 israeliticae
331 2207 467 2253 coaevum
480 2190 640 2262 evincunt;
651 2190 738 2269 leges
749 2192 831 2252 enim
843 2191 979 2253 historiis
991 2193 1099 2272 populi
1106 2192 1212 2270 judaiei

141 2278 339 2347 intermixtae,
358 2277 544 2347 successive,
564 2283 654 2357 prout
669 2277 747 2337 datae
766 2284 849 2348 sunt,
860 2279 979 2349 relate,
996 2280 1209 2358 aliquandore

141 2363 261 2443 petitae,
273 2362 443 2423 identidem
456 2369 565 2433 auctae,
576 2370 627 2423 aut
638 2364 878 2443 expositionibus
892 2366 1064 2438 illustratae,
1078 2367 1208 2429 notiones

141 2448 367 2532 geographicae,
382 2451 599 2530 physiologicas
620 2457 652 2512 et
663 2452 818 2513 stetistieae
840 2453 957 2530 antiqui
969 2453 1057 2516 istius
1068 2455 1145 2527 aevi,
1157 2460 1208 2532 sly-

141 2536 202 2609 ius,
216 2544 291 2609 ete,
303 2537 439 2618 prolecto
452 2535 623 2616 hujusmodi
636 2538 735 2599 virum
747 2538 879 2617 produnt
891 2539 993 2617 (Geni.
1005 2558 1038 2601 n.
1048 2540 1163 2617 86-89).

380 2666 437 2736 SV.
447 2693 478 2707 -
487 2640 788 2734 engnmenmmgemmte
801 2671 973 2724 Pentateuchi.

174 2786 226 2845 el·
238 2785 459 2849 Pentateucbus
478 2786 691 2867 complectitur
703 2788 873 2867 generatim
889 2788 991 2850 omnia
1005 2804 1072 2869 quae
1085 2792 1164 2854 Deus
1174 2788 1206 2855 ad

138 2868 368 2943 instituendam,
382 2874 620 2934 conservandam
633 2891 669 2935 ae
680 2875 906 2954 propagandam
918 2893 1023 2937 veram
1034 2878 1206 2958 religionem

139 2956 157 3021 a
169 2961 323 3029 creatione
336 2959 446 3020 Adami
457 2977 551 3040 arsque
563 2961 602 3021 ad
614 2962 732 3023 ebitum
742 2962 856 3041 Moysis
867 2963 951 3024 iecit.
962 2965 1073 3026 Primae
1082 2965 1146 3044 ejus
1154 2965 1206 3027 bis

138 3046 225 3108 torisa
244 3047 326 3108 viam
345 3053 484 3108 sternunt
499 3047 538 3109 ad
548 3048 772 3129 legislationem
782 3053 959 3124 mosaicam,
973 3068 1042 3130 quaa
1052 3053 1205 3116 maximin

138 3141 255 3215 partem
266 3133 467 3195 Pentateuebi
478 3137 646 3197 constitnit.

173 3220 272 3299 thm
291 3219 397 3301 inepte
418 3228 520 3282 autem
540 3224 710 3294 Increduli,
730 3224 842 3285 Deleta
860 3241 896 3285 ae
907 3225 1099 3289 Naturalistae
1111 3232 1206 3290 centn

136 3307 251 3388 Moysis
260 3306 429 3368 doctrinam
438 3307 619 3370 debacchati
629 3310 832 3390 sint,patebit
842 3327 881 3370 ex
890 3312 1059 3389 specimine
1069 3312 1135 3392 ejus
1144 3312 1206 3376 dee-

137 3397 224 3457 trinoe
242 3394 273 3455 l⁰
286 3395 321 3455 da
339 3395 402 3457 Deo
422 3395 539 3477 ejusque
554 3397 711 3469 attributis,
729 3397 761 3457 2⁰
773 3398 896 3459 decuttu
906 3400 1204 3471 umenecessitatis,

137 3487 168 3543 et
178 3481 210 3543 5⁰
223 3481 259 3542 de
269 3481 446 3543 moralitate.

173 3569 204 3630 l⁰
216 3570 307 3631 Enim
326 3570 459 3648 Moyses,
484 3575 517 3630 ut
529 3571 596 3651 ipsa
614 3572 704 3642 ratio,
717 3571 806 3635 unius
818 3574 877 3636 Dei
892 3574 1085 3641 existentiam
1096 3577 1203 3641 deceta

137 3675 152 3712 n
165 3656 263 3728 Audi,
278 3657 392 3735 inquit,
403 3657 511 3729 lsrael,
524 3658 670 3721 Dominus
679 3661 882 3733 Deusnostsr,
901 3664 1049 3727 Dominus
1059 3683 1139 3729 unus
1155 3670 1203 3728 est

136 3739 302 3819 n(Deuter.
314 3741 350 3814 d,
360 3741 401 3817 t).
416 3762 432 3800 a
446 3744 505 3804 Dei
517 3744 679 3807 essentiam
689 3747 835 3824 praeclare
844 3750 998 3828 exprimit,
1012 3753 1112 3813 Deum
1124 3750 1205 3813 inde

136 3843 209 3891 cens
219 3829 414 3910 semetipsam
423 3826 638 3893 definientem:
650 3851 666 3889 x
678 3832 744 3894 Eee
756 3851 814 3894 scm
836 3853 886 3906 ene
899 3853 956 3896 suu
970 3835 1085 3913 (Exod.
1097 3836 1128 3908 ὅ,
1145 3833 1202 3913 lt).

171 3913 263 3975 Modo
294 3915 418 3976 omnino
443 3915 568 3977 sublimi
591 3915 733 3998 depingit
755 3921 815 3981 Dei
840 3921 1110 4003 omnipotentiam,
1136 3920 1202 3984 dam

137 3998 231 4078 (Gen.
245 4000 324 4079 te)
344 4003 388 4064 ait
410 4023 418 4063 :
440 4004 611 4083 «Dixitque
621 4006 721 4068 Deus:
741 4008 810 4070 Fiat
824 4008 888 4070 lux.
901 4010 941 4069 Et
955 4009 1033 4071 laeta
1053 4016 1101 4072 est
1112 4009 1201 4071 lux.»

136 4085 322 4172 ssupeeis,
334 4088 434 4172 uqsue
451 4090 613 4179 Dionysius
628 4091 797 4180 ungium.
809 4093 902 4183 digne
921 4101 1098 4183 conceptam
1116 4103 1200 4183 atque
