2708 4846
167 503 214 549 too
629 495 829 546 CONCLUSIO.

167 608 343 653 esummem
359 606 479 650 cursum
494 605 612 658 meum,
632 595 664 646 et
675 585 876 646 ministerium
896 581 1004 652 verbi,
1019 582 1106 660 quod
1119 582 1239 662 accepia

167 677 323 737 »Domino
336 677 424 746 lesu,
440 671 594 735 testificari
608 671 804 749 Evangelium
813 669 921 748 gratiae
931 668 993 728 Dei
1004 667 1025 726 ¹.
1043 669 1119 728 »De
1128 669 1240 749 promis

162 761 300 822 sionibus
318 778 353 821 ae
372 758 514 820 munifica
532 758 716 818 liberalitate
734 754 790 815 Dei
803 753 1065 825 convictissimus,
1080 753 1239 814 mercedem

162 848 301 909 laborum
311 856 343 908 et
352 847 582 907 tribulationum
591 862 651 904 nou
665 844 703 903 ab
714 841 887 901 hominibus
897 840 955 899 sed
965 856 982 899 a
991 841 1135 901 Deosolo
1145 859 1240 922 expec-

162 933 254 1002 tabit,
266 941 356 1010 atque
368 950 437 992 cum
448 933 578 990 Doctore
591 929 735 988 Gentium
748 926 831 987 dicet
845 945 852 982 ε
868 945 884 980 u
898 925 994 1001 Quod
1004 926 1039 985 in
1051 927 1189 1006 praesenti
1201 934 1239 987 est

162 1035 179 1073 e
193 1027 437 1079 momentaneum
450 1023 480 1076 et
490 1017 559 1076 leve
568 1014 772 1075 tribulationis
782 1018 891 1071 nostrae
901 1028 997 1090 supra
1007 1012 1133 1072 modum
1142 1013 1239 1074 insub

163 1104 321 1164 »iimitate
332 1113 478 1164 aetcrnum
487 1103 593 1181 glorie
607 1100 723 1180 pondus
734 1098 915 1185 operaturin
929 1099 1039 1169 nobis,
1049 1117 1108 1160 non
1119 1107 1238 1161 contem·

161 1182 346 1268 cplantibus
368 1190 457 1250 nobis
477 1205 544 1266 quae
566 1187 724 1255 videntur,
747 1184 801 1245 sed
823 1200 890 1261 quae
912 1201 977 1243 non
998 1184 1153 1245 videntur.
1171 1184 1238 1261 Quc

160 1276 275 1335 eenim
284 1277 427 1337 videntur
437 1272 614 1352 temporalia
623 1278 787 1348 suutrquae
797 1276 972 1331 autemnon
982 1269 1237 1335 videbtmaeterua

162 1361 319 1421 »sunt⁸.u

271 1506 275 1515 '
324 1516 341 1586 g
356 1521 416 1568 Lt‘l.
428 1543 457 1554 -
468 1518 628 1566 incitamenta
639 1517 671 1565 ad
681 1515 789 1566 studium
800 1515 931 1564 Librorum
941 1528 1082 1567 sacrorum.

193 1668 267 1724 702.
282 1667 437 1746 Scriptura
449 1682 533 1726 sacra
546 1673 592 1725 est
602 1665 685 1743 juxta
699 1665 729 1724 S.
744 1664 927 1742 Gregorium
940 1655 1107 1746 magnrun⁸
1120 1669 1230 1750 epistola

155 1750 431 1813 misericordissimi
448 1752 506 1818 Ilei
526 1751 563 1815 ad
581 1768 647 1810 suas
660 1742 812 1809 creaturas
825 1750 1005 1812 rationales.
1026 1755 1062 1813 ln
1075 1755 1126 1814 illa
1136 1770 1229 1815 areana

154 1838 288 1916 supremi
298 1837 437 1898 Numinis
446 1836 605 1912 mysteria,
620 1834 684 1912 ejus
697 1834 800 1894 divina
814 1834 845 1892 in
858 1832 1031 1897 humanum
1040 1842 1228 1918 genuscousi·

153 1920 212 1992 lia,
228 1929 318 1999 atque
339 1922 492 1981 uberrima
512 1921 616 1980 salutis
637 1920 738 1979 media
759 1925 829 1979 sunt
849 1921 1027 1983 recondita.
1041 1925 1227 1987 Libriomnet

154 2009 340 2088 Scripturam
352 2026 467 2068 sacram
479 2008 711 2077 constituentes,
725 2008 789 2067 Deo
807 2005 979 2084 inspirante
994 2014 1158 2093 conscripti
1170 2022 1225 2075 suut

153 2095 199 2171 (n.
219 2094 336 2171 died),
356 2096 513 2172 Deumque
533 2092 660 2171 proinde
675 2099 826 2151 auctorem
841 2091 967 2152 babent.
981 2097 1125 2173 Dignitas
1133 2116 1224 2160 conse·

152 2186 284 2258 quenter
300 2180 463 2257 Scripturae
483 2195 573 2239 saone
592 2179 755 2236 marturum
771 2183 801 2235 et
812 2177 992 2255 primarium
1006 2186 1054 2242 eet
1064 2183 1223 2245 incitamen

150 2271 214 2324 tum
237 2265 275 2324 ad
297 2263 433 2326 Ciericos
455 2263 574 2324 assiduo
594 2264 794 2341 diligentique
814 2264 896 2324 illius
916 2267 1023 2344 studio
1041 2270 1220 2332 addicendos.

148 2348 288 2423 Dignitas
310 2349 376 2406 haec
397 2350 560 2422 Scripturas
580 2365 673 2407 sacrae
694 2349 860 2407 clarissime
879 2349 985 2411 elucet
1004 2355 1101 2416 exiis
1118 2355 1220 2434 <praede

149 2431 311 2491 Librorum
325 2448 478 2491 sacrorum
496 2431 656 2490 divinitate
676 2450 707 2490 n,
728 2432 815 2489 ‹tt-to
835 2433 1056 2509 disseruimus,
1071 2441 1124 2500 sed
1139 2441 1219 2519 nugis

148 2512 248 2574 adhue
264 2511 434 2573 innotescet
450 2530 506 2592 per
525 2530 561 2574 ea
578 2531 645 2592 quae
661 2515 699 2575 de
719 2514 783 2594 ejus
801 2516 923 2593 objecto
938 2521 972 2579 in
991 2526 1159 2600 particulari
1173 2527 1217 2585 hic

146 2601 251 2683 paucis
264 2600 424 2663 trademus.

185 2688 220 2747 ln
230 2688 329 2747 Libris
342 2689 435 2749 sacris
448 2689 528 2748 inter
540 2689 598 2748 alia
609 2695 769 2749 occurrunt
778 2691 998 2767 promissiones
1010 2697 1073 2757 illae
1083 2698 1217 2759 dirinaect

146 2775 307 2844 mtieinia,
325 2776 435 2852 quibus
447 2777 528 2836 Deus
541 2777 661 2854 generis
674 2775 810 2845 humani,
827 2793 844 2835 e
857 2786 936 2838 statu
951 2782 1111 2846 felicitatis
1122 2786 1215 2867 elapsi,

146 2865 332 2939 peccatoque
345 2860 467 2929 intecti,
485 2861 641 2928 misertus,
656 2861 879 2938 redemptorem
898 2880 953 2923 seu
963 2866 1110 2928 Messium
1123 2888 1217 2951 appro-

144 2943 239 3002 misit.
258 2942 477 3020 Perpendendo
497 2945 561 3004 baec
583 2945 687 3004 divina
705 2945 839 3015 oracula,
861 2951 1039 3013 successive
1059 2952 1217 3017 bominibus

145 3024 229 3094 data,
252 3029 412 3087 mariniani
433 3029 465 3087 in
485 3029 546 3088 illis
566 3031 735 3108 reperimus
755 3029 867 3090 divinae
885 3036 1097 3111 providentia
1113 3057 1218 3102 oecono

143 3110 235 3171 mianr
249 3132 258 3172 z
272 3130 327 3193 per
340 3121 437 3173 certos
449 3131 558 3194 nempe
570 3115 681 3194 gratius
694 3117 850 3194 promissio
868 3119 924 3201 pei
943 3118 983 3181 de
1003 3123 1113 3186 divino
1124 3127 1216 3188 mundi

143 3195 291 3256 salvatore
310 3199 456 3267 cucurrit,
471 3217 565 3277 usque
583 3199 654 3258 durn
671 3200 793 3260 tandem
805 3202 964 3280 plenitudo
977 3213 1128 3289 temporis
1140 3213 1216 3274 adse

142 3280 236 3352 niret,
252 3299 310 3359 qua
322 3282 434 3343 dudunt
447 3293 622 3361 expectatus
631 3288 778 3364 apparuit.

179 3365 210 3425 l⁰
218 3367 335 3427 Adamo
345 3367 428 3443 lapso
440 3370 618 3447 simpliciter
626 3372 809 3448 promittitur
819 3372 1077 3454 bumanigeneris
1087 3383 1217 3464 redemp-

142 3457 203 3522 tor,
220 3452 274 3514 sed
298 3460 414 3530 tempus
434 3461 464 3512 et
477 3456 710 3516 circumstantiae
731 3457 794 3535 ejus
808 3459 956 3521 adventus
969 3465 1033 3525 alto
1048 3478 1217 3553 premuntur

140 3537 262 3598 silentio
275 3555 283 3596 ε
297 3557 313 3593 u
329 3538 507 3598 inimicitias
520 3557 644 3618 ponam,
660 3563 675 3596 u
688 3543 789 3602 aiebat
800 3544 880 3604 Deus
894 3546 1039 3626 Serpenti
1055 3557 1215 3626 seductori,

139 3637 193 3682 seu
206 3622 349 3693 Diabolo,
363 3645 378 3678 a
392 3624 473 3683 inter
488 3632 561 3684 teet
579 3627 753 3697 mulierem,
769 3636 799 3693 ct
813 3645 918 3689 semen
929 3640 1016 3694 tuum
1028 3646 1062 3698 et
1072 3658 1174 3703 semen
1186 3641 1216 3701 il

139 3708 226 3768 nlius
250 3726 258 3767 :
281 3709 345 3786 ipsa
368 3731 383 3764 n
397 3709 556 3784 (hebraice
578 3712 673 3789 ipsum
691 3729 812 3783 semen,
833 3732 888 3775 scu
905 3720 1013 3780 mundi
1028 3724 1215 3808 redemptor)

138 3813 154 3849 a
169 3800 306 3855 conteret
318 3803 407 3872 caput
419 3803 501 3855 tuurn
510 3785 533 3857 ⁸.
547 3818 562 3852 n
577 3799 688 3871 Adam,
703 3809 733 3859 et
746 3801 816 3861 ‹lein
831 3801 894 3879 ejus
913 3802 986 3877 silli,
998 3827 1057 3887 per
1071 3812 1150 3874 hanc
1162 3812 1215 3874 cle·

136 3877 315 3939 montissinri
340 3880 396 3940 Dei
419 3881 647 3960 promissionem
671 3886 766 3945 erecti
793 3886 825 3945 in
848 3904 935 3967 spem
959 3896 1165 3960 restitutionis
1186 3899 1214 3958 in

140 4025 245 4146 ,ἐοέῗιέ
255 4031 349 4149 εῗέιειι.
359 4008 441 4080 ..in
452 4034 561 4083 conum
573 4034 600 4096 t,
616 4033 1122 4120 tres·turee.n1mn.1u.t.sprse
1136 4048 1165 4100 et
1178 4072 1214 4100 .-
