2708 4846
321 503 501 553 LIBRORUM
519 502 715 554 saonouttn.
1009 507 1055 557 tot

116 594 148 670 i,
164 566 377 659 docimentum
389 599 532 679 scriptum
545 598 718 679 exigerent,
732 578 774 660 ne
784 590 893 679 ‘postea
902 597 973 663 lites
985 592 1056 664 nes

116 726 180 832 tero
194 772 294 832 omnia
307 772 338 831 in
348 771 407 833 hoc
417 772 497 833 libro
514 773 616 852 legem
629 773 791 835 Mosaicam
807 774 937 853 spirent,
950 774 1056 837 saitem

116 867 246 921 tumenta
261 860 353 938 ipsius
367 861 467 921 Josuae
480 860 618 931 inerunt,
632 867 737 939 utpote
750 862 803 938 qui
815 862 927 940 Moysis
942 864 1056 926 indivi-

116 964 167 1009 nes
179 964 216 1010 ae
226 946 363 1007 minister
373 946 405 1006 in
417 947 481 1025 ejus
494 947 631 1027 spiritum
646 949 799 1010 successit.

318 1076 334 1145 S
343 1080 438 1128 XXXV.
449 1104 479 1119 -
489 1082 552 1129 AEtas
561 1080 619 1128 libri
630 1080 712 1129 losne.

116 1199 130 1259 i
139 1198 220 1258 liber
230 1198 287 1258 iste
303 1197 340 1257 ab
355 1197 419 1274 ipso
430 1199 523 1258 Josue
540 1197 695 1259 coniectus
706 1200 849 1271 nonfuit,
863 1201 969 1263 saltem
985 1210 1056 1266 anto

116 1306 141 1346 m
151 1304 262 1347 aunum
274 1285 359 1363 regni
369 1284 494 1344 Davidis
503 1285 686 1362 compositus
695 1287 761 1347 tuit.
772 1289 859 1350 Patet
869 1288 928 1350 hoc

116 1373 145 1434 ul
158 1369 208 1448 (c.
224 1369 321 1444 toto)
335 1375 483 1440 narratur,
498 1371 655 1432 Jebusocos
669 1390 730 1434 uon
741 1375 873 1453 potuisse
888 1378 1057 1437 Jerusalem

116 1459 216 1519 ttribu
231 1455 324 1525 tuda,
343 1473 454 1533 eosque
470 1457 502 1514 in
520 1454 578 1515 hac
589 1457 666 1519 urbe
679 1476 748 1520 cum
761 1460 874 1522 Juoaeis
888 1461 1055 1535 habitasse,

116 1545 229 1604 tutione
239 1541 314 1601 iacta
325 1542 362 1602 de
377 1541 600 1619 expugnatione
612 1545 771 1605 arcission
781 1546 825 1606 ihi
838 1549 966 1627 septimo
977 1567 1056 1610 anno

116 1629 201 1691 otidis
216 1628 293 1688 facta
305 1629 350 1703 (ll
361 1629 437 1706 Iieg.
448 1628 495 1702 5).

116 1732 145 1775 ra
163 1713 400 1774 montiumJuda
422 1721 453 1772 et
469 1713 614 1789 isra'cl(c.
637 1714 688 1786 ii,
713 1715 830 1792 tuat)
854 1720 1055 1782 recentiorem

116 1822 174 1864 non
184 1808 325 1878 arguunt,
340 1818 408 1859 cum
417 1799 483 1858 hoec
494 1800 649 1858 nominum
659 1803 807 1879 oppositio
818 1803 871 1862 din
886 1810 956 1863 aute
965 1807 1057 1865 Davi-

116 1890 254 1958 tinucrit,
278 1895 368 1964 atque
390 1893 455 1945 orta
472 1886 512 1945 sit
535 1903 572 1944 ex
593 1888 792 1965 praerogativa
811 1889 1057 1969 primogeniturae

118 1978 140 2036 li
157 1975 317 2053 (Genus,
328 1972 410 2048 510)
427 1979 540 2050 apatrc
554 1970 845 2052 Jacoooompertita.

116 2066 205 2125 asis:
230 2065 323 2139 Usque
341 2062 372 2118 iu
393 2060 466 2118 horre
492 2058 583 2128 diem,
606 2060 929 2138 quaeirequentissime
947 2064 980 2125 in
998 2064 1056 2128 hoc

116 2153 216 2221 currit,
232 2148 312 2209 clarc
323 2147 452 2215 evincit,
463 2145 575 2206 librum
586 2146 722 2226 pluribus
733 2151 931 2227 postiosuam
940 2154 1057 2215 saeculis

116 2257 143 2301 se
157 2245 310 2298 exaratum
317 2254 324 2304 ;
336 2236 420 2313 plura
433 2234 514 2293 euim
526 2232 606 2295 haud
618 2234 661 2295 ita
671 2233 784 2296 dudum
793 2238 942 2309 extantia,
953 2238 1058 2300 dicun-

116 2327 198 2394 tissc‚
215 2341 308 2401 mque
321 2322 359 2383 ad
374 2330 506 2401 tempus,
527 2339 586 2399 quo
609 2337 715 2382 corum
727 2322 853 2385 historia
873 2325 985 2406 scripta
1002 2327 1058 2389 tuit

116 2513 159 2557 ter
178 2494 319 2555 Judicum
340 2492 468 2572 scriptus
486 2493 543 2552 fuit
565 2497 636 2554 autc
659 2496 820 2570 septimum
839 2513 949 2558 aunum
968 2501 1056 2579 regui

116 2580 165 2659 (n.
177 2583 251 2656 iit)
271 2589 302 2639 et
314 2579 426 2639 librmu
442 2581 534 2640 Josue
546 2579 609 2657 jam
623 2582 767 2658 scriptum
780 2584 866 2659 ponit
872 2602 880 2653 3
900 2602 970 2643 uam
983 2604 1057 2646 non-

120 2686 158 2729 eo
171 2684 188 2727 e
199 2668 279 2728 libro
291 2668 382 2725 Josuc
393 2665 430 2725 ad
441 2665 568 2725 verbum
579 2673 757 2741 repetuntur
774 2665 829 2741 (ut
844 2667 917 2727 Jud.
929 2668 1011 2739 2,6·9
1022 2690 1058 2731 cx

116 2753 208 2824 Mb
227 2771 261 2813 ac
274 2751 344 2812 Jud.
360 2750 425 2821 139
436 2767 475 2810 ex
488 2751 552 2829 ios.
568 2748 619 2814 tt,
634 2748 701 2828 to),
718 2757 807 2827 atquc
820 2750 900 2811 liber
917 2754 1059 2815 Judicmn

116 2860 145 2903 c.
156 2842 188 2909 i,
203 2842 232 2910 t,
244 2848 303 2900 etc.
315 2840 326 2917 )
337 2839 374 2898 ab
388 2838 474 2898 obitu
486 2837 605 2906 Josuae,
619 2854 748 2914 quocum
757 2837 851 2898 Liber
867 2840 960 2899 Josue
977 2840 1059 2900 ‹iesi-

116 2928 173 2989 ber
186 2929 278 2986 Josue
291 2934 353 2983 tmn
369 2942 430 2983 uon
442 2923 606 2993 extitisset,
618 2930 722 2983 auctor
733 2922 805 2983 libri
819 2923 961 2985 iudicum
971 2942 1059 2985 exor-

116 3010 1058 3095 etaboccupationeetpartitioneregionisChanaan,quaecius

116 3101 317 3163 nveniehant.
846 3116 849 3122 ·

260 3230 391 3297 §XXXVL
403 3220 433 3266 ἒ-
443 3229 516 3278 Fides
525 3229 589 3278 libro
600 3229 673 3277 Josuc
685 3227 777 3276 debito.
856 3280 859 3285 ,

116 3353 218 3413 tactor
228 3350 278 3410 vel
286 3349 372 3429 juxta
384 3365 495 3425 eaquae
506 3348 570 3425 ipse
582 3353 665 3407 certo
676 3346 808 3418 sciebat,
819 3344 960 3426 veijuxta
970 3346 1060 3409 docu-

116 3437 306 3499 aaevaomnia
322 3436 464 3513 religiose
475 3435 578 3494 retulit
594 3453 601 3493 :
616 3434 713 3512 liquet
721 3433 780 3494 hoc
797 3453 805 3493 :
820 3431 1060 3495 i⁰exse1moui-

116 3524 176 3594 ebi,
194 3524 326 3583 Phineos
340 3530 370 3581 ct
384 3525 502 3593 Josuae,
521 3521 700 3583 adverbum
718 3522 822 3583 relatis
836 3521 887 3582 vel
902 3521 1060 3601 descriptis

116 3616 140 3689 β
161 3611 194 3672 2⁰
213 3612 259 3671 Fu
276 3612 448 3670 retentione
468 3610 831 3681 eorumdemveroorum,
856 3617 889 3670 ut
907 3627 935 3670 c.
953 3609 982 3678 6,
996 3608 1058 3679 iii,

116 3698 226 3761 ritaret
237 3695 338 3758 nataae
351 3697 425 3756 inter
436 3696 681 3774 Isroititosusque
693 3697 724 3754 iu
735 3696 810 3757 hooc
825 3697 901 3756 diem
913 3697 963 3772 (n.
975 3696 1058 3769 totu

116 3800 208 3845 onon
219 3791 417 3843 recensentur
427 3782 532 3843 ordine
544 3781 764 3862 geographico,
778 3782 833 3844 scd
842 3782 911 3851 illo,
923 3798 981 3858 quo
990 3798 1060 3859 par-

116 3884 199 3937 nttan
210 3865 415 3949 sorteadeptm
423 3876 523 3939 erant,
535 3876 566 3930 et
580 3861 617 3929 in
627 3869 815 3930 documentis
832 3867 936 3927 relatae
959 3875 1058 3937 erant:

116 3952 200 4033 {fante
207 3954 324 4015 obitum
334 3952 566 4015 honoriticenoo
576 3954 784 4032 compellatur,
793 3952 875 4031 quod
882 3961 1058 4033 argumento

116 4038 224 4115 milla
235 4038 415 4102 docmncutu
425 4056 554 4103 coaevaa
566 4041 659 4100 Josua
675 4057 740 4101 csse
752 4037 920 4117 scripta5it⁰
932 4038 1057 4112 Omnia,

116 4124 251 4201 nelibro
261 4134 434 4200 narrantur,
444 4125 566 4210 auoque
577 4126 625 4191 illi
634 4143 699 4192 aevo
712 4133 849 4188 accurate
858 4128 1056 4200 conventuum
