2708 4846
469 483 655 545 araxorum
674 482 878 532 sxcnonuu.
1169 477 1216 529 atr

174 570 244 631 aab.
253 571 379 632 &nram
389 578 487 633 autem
499 572 558 635 title
572 573 780 654 dignissimum
792 589 859 636 esse
869 573 978 651 liquet,
990 577 1054 632 tum
1064 569 1146 649 quod
1158 568 1215 631 luit

140 656 227 719 rebus
249 676 323 737 quas
342 659 448 720 scribit
474 678 609 733 coaevus,
633 662 797 739 etreliqua
817 678 854 720 ex
873 658 1009 736 antiquis
1029 656 1217 718 documentis

142 734 243 836 lamii,
252 753 316 806 tum
326 744 408 824 quod
419 744 483 822 ejus
493 746 573 807 liber
582 747 639 808 luit
649 746 926 809 utsaceraJudaeis
935 752 1085 825 receptus,
1096 743 1221 821 quando·
1274 794 1280 813 ,

144 822 217 895 albus
225 831 420 896 veracitatem
430 833 545 913 optime
556 833 636 895 scire
645 839 786 913 poterant
798 831 889 912 (cont.
898 828 1021 893 netto
1031 828 1216 909 etllilffll.
1234 862 1239 874 ·

398 966 843 1038 SHHXVl.-Aryumentumllibrl
852 970 942 1021 mura.

174 1085 246 1152 rso?
255 1096 315 1157 Hic
326 1095 407 1157 libcr
427 1097 460 1156 in
473 1096 547 1158 duas
559 1103 661 1176 partes
676 1096 807 1176 dispesci
822 1101 940 1177 potest,
961 1110 1086 1173 quar-mn
1101 1094 1218 1177 primaff

149 1181 365 1261 complectenstt
375 1182 476 1261 priora
493 1183 602 1262 capita,
618 1182 1049 1260 continetlhistoriamviginti
1059 1198 1215 1255 annorum,

138 1268 257 1353 ¹lprimo
266 1283 346 1327 auno
355 1267 443 1346 Cyri,
454 1267 535 1347 regis
547 1268 719 1337 Persarum,
729 1285 823 1346 usque
834 1266 872 1328 ad
881 1274 1000 1328 sextum
1010 1282 1121 1327 annum
1130 1266 1217 1328 Darii

145 1350 301 1433 Hystaspis.
316 1354 460 1413 Narratur
473 1355 505 1413 in
520 1370 556 1414 ea
568 1354 684 1416 reditus
700 1356 898 1414 Hebraeorum
911 1371 950 1414 ex
968 1354 1145 1434 captivitate
1158 1355 1217 1415 Ba·

143 1436 585 1519 bylonicaHierosolymamsub
596 1442 796 1514 zorobabele,
810 1443 989 1503 restauratio
998 1441 1097 1503 cultus
1105 1440 1216 1515 divini,

142 1526 300 1606 templique
312 1524 585 1606 hierosolymitani.

168 1612 309 1675 Seemrda
320 1629 404 1691 pars,
417 1614 576 1675 continens
598 1630 663 1693 cap.
691 1613 753 1675 7-c.
768 1613 804 1674 lo
818 1612 912 1674 refert
939 1612 1090 1693 quomodo
1106 1611 1217 1675 Esdras

135 1699 261 1779 septimo
271 1698 446 1760 Artaxerxis
458 1715 536 1760 anno
547 1699 623 1760 alios
632 1700 756 1761 Judacos
765 1700 798 1760 in
811 1716 894 1760 suam
908 1700 1035 1778 patriam
1047 1697 1215 1773 reduxerit,

134 1783 322 1864 amplumque
335 1799 353 1844 a
365 1800 439 1864 rege
448 1791 630 1862 potestatem
642 1792 749 1847 nactus
761 1785 801 1846 sit
813 1799 863 1845 res
875 1783 1051 1846 Judaeorum
1063 1781 1102 1843 ad
1114 1782 1216 1862 legem

134 1870 248 1949 bloysis
260 1870 452 1931 restituendi.

170 1954 244 2014 aar:
258 1956 393 2016 Historia
410 1972 495 2017 sacra
513 1953 701 2017 solrmrmodo
722 1958 953 2023 commemorat,
973 1953 1070 2014 tribus
1086 1951 1166 2015 Juda
1184 1960 1216 2016 ct

133 2038 292 2117 Beniamin
311 2057 350 2101 ex
368 2041 544 2121 captivitate
565 2040 598 2098 iu
619 2036 759 2098 iudaeam
775 2055 913 2099 reversas
926 2055 1007 2109 esse;
1021 2054 1127 2099 verum
1147 2056 1216 2100 cum

133 2126 231 2209 Cyrus
241 2135 274 2189 et
284 2129 465 2188 Artaxerxes
475 2126 615 2187 omnibus
628 2125 744 2187 ludaeis
758 2126 789 2185 in
802 2126 931 2204 patriam
943 2142 1027 2186 suam
1038 2125 1215 2188 revertendi

132 2213 308 2275 aruntem
319 2214 535 2284 concesserint,
549 2212 656 2291 procul
670 2210 764 2272 dubio
778 2212 870 2273 etiam
884 2211 971 2272 multi
984 2228 1024 2272 ex
1037 2211 1105 2274 aliis
1118 2212 1216 2275 tribu·

132 2297 191 2361 bus
206 2298 239 2359 in
251 2298 442 2359 Palaestinam
454 2296 569 2359 reversi
583 2304 663 2358 suut.

170 2388 354 2448 Artaxerxes
365 2401 454 2457 vero,
468 2385 520 2463 qui
538 2402 566 2446 c.
585 2385 712 2465 septimo
726 2383 830 2446 Esdrae
851 2382 1064 2464 amplissimam
1082 2385 1215 2449 auctori·
1314 2382 1317 2387 '

132 2478 228 2535 tatum
236 2471 396 2542 concessit,
410 2472 522 2549 quique
537 2468 659 2547 juxtae.
674 2470 703 2539 a,
714 2468 743 2541 6,
755 2469 784 2540 6,
807 2471 820 2529 l
833 2477 900 2549 post
914 2470 1038 2531 Darium
1059 2472 1216 2553 Hystaspis

134 2558 284 2639 regnavit,
298 2556 494 2618 videturesse
508 2559 624 2617 Xerxes
635 2573 761 2635 magnus
769 2575 777 2626 ;
789 2556 912 2615 nomina
925 2557 1007 2615 enim
1024 2574 1129 2635 regum
1144 2561 1216 2620 Per-

133 2662 234 2709 sanmr
243 2645 317 2705 olim
329 2651 424 2716 erant,
439 2652 471 2704 et
483 2643 580 2705 adbuc
590 2644 681 2703 modo
695 2651 774 2713 suut,
786 2642 979 2721 adpellativa,
992 2649 1023 2702 et
1032 2644 1214 2707 Artaxerxes

134 2732 255 2813 persice
261 2728 619 2791 senousoetutorsonat.
629 2731 745 2789 Xerxes
752 2743 876 2804 maguus
883 2727 1011 2804 septimo
1018 2730 1148 2788 annosui
1157 2730 1215 2790 im-

135 2818 216 2897 perii
227 2817 267 2878 ab
276 2816 402 2877 infausta
417 2815 612 2895 expeditione
629 2815 661 2882 in
674 2814 797 2874 Graecos
809 2813 841 2872 in
860 2811 994 2872 Persium
1011 2829 1164 2884 reversus,
1180 2831 1216 2876 ac

138 2902 285 2981 exemplis
291 2902 364 2979 Cyri
371 2901 491 2962 ctDarii
503 2901 661 2980 Hystaspis
672 2900 785 2976 motusj,
795 2900 892 2958 Deum
901 2897 971 2958 coeli
980 2896 1040 2959 sibi
1052 2899 1217 2977 propitium

138 2984 268 3053 ultore
280 2995 404 3050 conatus
417 2994 472 3058 est,
486 2986 609 3047 Judaeos
620 2982 780 3046 beneficiis
789 2983 969 3045 cumulando
980 2980 1078 3061 (conl.
1090 3001 1122 3045 n.
1135 2984 1213 3063 att).

401 3121 543 3191 ynxxvu.
556 3148 585 3158 -
595 3120 759 3170 utrorurutes
769 3120 780 3167 1
790 3120 849 3169 run
859 3120 949 3170 usura.

176 3242 248 3305 232·
259 3245 386 3308 lisdrae
400 3263 427 3307 c.
438 3243 458 3305 l'
468 3245 598 3306 retertur
629 3240 831 3305 samaritanos
849 3238 947 3317 (conl.
962 3256 993 3302 n.
1006 3236 1054 3316 80)
1073 3241 1218 3320 templum

136 3326 438 3411 hierosolymitanum
458 3350 527 3394 cum
546 3329 676 3400 Judaeis,
699 3327 853 3405 Babylone
868 3325 1015 3398 reversis,
1031 3326 1217 3388 reaediticaro

137 3419 319 3499 postulasse,
334 3418 635 3494 communionemque
647 3412 883 3475 ecclesiasticam
896 3411 1033 3492 petiisse,
1048 3410 1218 3474 Zorobabel

138 3520 214 3567 vero
223 3504 416 3583 reliquosque
429 3503 552 3564 Judaeos
564 3502 597 3563 id
610 3500 684 3582 ipsis
700 3498 877 3578 denegasse.

131 3580 136 3621 ¹
175 3590 292 3653 Venno
302 3591 411 3651 merito
423 3590 457 3650 id
471 3589 654 3659 factumest,
669 3587 739 3665 quia
751 3586 928 3647 Samaritani
942 3604 1004 3647 non
1017 3592 1078 3647 tam
1088 3601 1219 3647 commu·

137 3676 265 3741 monem
282 3676 388 3755 templi
407 3675 597 3755 quaerebant,
619 3691 710 3752 quam
731 3673 887 3734 commoda
905 3690 943 3733 ex
960 3673 1033 3752 Cyri
1051 3673 1083 3732 in
1096 3671 1219 3734 Juuaeos

136 3760 243 3839 ¹fixura
255 3762 443 3825 resultantia.
457 3760 558 3823 Protei
572 3768 658 3820 erant
670 3758 848 3820 Samaritani
861 3778 868 3816 :
883 3760 939 3819 sub
953 3759 1033 3835 Cyro
1047 3763 1078 3817 et
1089 3756 1219 3819 Alexan-

137 3846 195 3913 διο
212 3865 327 3930 magno
337 3865 393 3928 pro
408 3848 523 3909 Judaeis
543 3845 652 3906 haberi
664 3844 823 3915 volebant,
844 3844 884 3904 ob
903 3842 1075 3912 commoda,
1095 3859 1161 3920 quar
1179 3842 1219 3905 ab

84 3986 89 3995 .
121 3930 188 4007 ,ἢ
202 3935 396 4021 principibus
419 3934 453 3994 in
471 3932 595 3994 Judaeos
615 3932 790 4013 sperabant3
813 3929 869 3992 sub
890 3925 1041 3989 Antiocho
1060 3928 1220 4008 Epiphanc

135 4020 377 4093 mmiuduos
387 4018 624 4101 essencgabant,
636 4017 841 4099 templumque
850 4014 921 4075 Jori
933 4015 966 4073 in
975 4019 1077 4077 monte
1087 4013 1220 4079 Garizim

135 4104 374 4183 manabant.
