<?xml version="1.0" encoding="UTF-8"?>
<!DOCTYPE html PUBLIC "-//W3C//DTD XHTML 1.0 Transitional//EN"
    "http://www.w3.org/TR/xhtml1/DTD/xhtml1-transitional.dtd">
<html xmlns="http://www.w3.org/1999/xhtml" xml:lang="en" lang="en">
 <head>
  <title>
</title>
<meta http-equiv="Content-Type" content="text/html;charset=utf-8" />
  <meta name='ocr-system' content='tesseract 3.04.00' />
  <meta name='ocr-capabilities' content='ocr_page ocr_carea ocr_par ocr_line ocrx_word'/>
</head>
<body>
  <div class='ocr_page' id='page_1' title='image "./hermeneuticasac00jansgoog_0046.png"; bbox 0 0 2708 4846; ppageno 0'>
   <div class='ocr_carea' id='block_1_1' title="bbox 90 40 98 275">
    <p class='ocr_par' dir='ltr' id='par_1_1' title="bbox 90 40 98 275">
     <span class='ocr_line' id='line_1_1' title="bbox 90 40 98 275; baseline 0 0"><span class='ocrx_word' id='word_1_1' title='bbox 90 40 98 275; x_wconf 86' lang='lat' dir='ltr'>l</span> 
     </span>
    </p>
   </div>
   <div class='ocr_carea' id='block_1_2' title="bbox 483 452 1229 509">
    <p class='ocr_par' dir='ltr' id='par_1_2' title="bbox 483 452 1229 509">
     <span class='ocr_line' id='line_1_2' title="bbox 483 452 1229 509; baseline 0.008 -6"><span class='ocrx_word' id='word_1_2' title='bbox 483 452 666 505; x_wconf 68' lang='lat' dir='ltr'>tithonum</span> <span class='ocrx_word' id='word_1_3' title='bbox 686 453 884 506; x_wconf 79' lang='lat' dir='ltr'>stcnonntt.</span> <span class='ocrx_word' id='word_1_4' title='bbox 1196 456 1229 509; x_wconf 69' lang='lat'>25</span> 
     </span>
    </p>
   </div>
   <div class='ocr_carea' id='block_1_3' title="bbox 90 540 1331 3714">
    <p class='ocr_par' dir='ltr' id='par_1_3' title="bbox 90 540 1331 801">
     <span class='ocr_line' id='line_1_3' title="bbox 90 540 1229 629; baseline 0.011 -30"><span class='ocrx_word' id='word_1_5' title='bbox 90 558 109 599; x_wconf 59' lang='lat' dir='ltr'>u</span> <span class='ocrx_word' id='word_1_6' title='bbox 156 540 319 629; x_wconf 73' lang='lat' dir='ltr'>lbeologos</span> <span class='ocrx_word' id='word_1_7' title='bbox 341 543 537 608; x_wconf 83' lang='lat' dir='ltr'>scholasticos</span> <span class='ocrx_word' id='word_1_8' title='bbox 561 555 631 609; x_wconf 90' lang='lat' dir='ltr'>nata</span> <span class='ocrx_word' id='word_1_9' title='bbox 651 553 707 610; x_wconf 88' lang='lat' dir='ltr'>est.</span> <span class='ocrx_word' id='word_1_10' title='bbox 726 546 789 609; x_wconf 77' lang='lat' dir='ltr'>Alii</span> <span class='ocrx_word' id='word_1_11' title='bbox 809 548 938 629; x_wconf 75' lang='lat' dir='ltr'><strong>arreptis</strong></span> <span class='ocrx_word' id='word_1_12' title='bbox 956 549 1090 610; x_wconf 83' lang='lat' dir='ltr'>textibus</span> <span class='ocrx_word' id='word_1_13' title='bbox 1108 551 1229 612; x_wconf 88' lang='lat' dir='ltr'>Patrnm</span> 
     </span>
     <span class='ocr_line' id='line_1_4' title="bbox 153 630 1229 714; baseline 0.002 -20"><span class='ocrx_word' id='word_1_14' title='bbox 153 630 277 694; x_wconf 80' lang='lat' dir='ltr'>strictam</span> <span class='ocrx_word' id='word_1_15' title='bbox 286 632 322 691; x_wconf 92' lang='lat' dir='ltr'>in</span> <span class='ocrx_word' id='word_1_16' title='bbox 333 633 474 693; x_wconf 91' lang='lat' dir='ltr'>omnibns</span> <span class='ocrx_word' id='word_1_17' title='bbox 484 633 713 714; x_wconf 81' lang='lat' dir='ltr'>inspirationem</span> <span class='ocrx_word' id='word_1_18' title='bbox 727 652 832 713; x_wconf 85' lang='lat' dir='ltr'>praese</span> <span class='ocrx_word' id='word_1_19' title='bbox 842 631 1011 695; x_wconf 82' lang='lat' dir='ltr'>terentibus</span> <span class='ocrx_word' id='word_1_20' title='bbox 1021 630 1229 714; x_wconf 78' lang='lat' dir='ltr'>digladiaban-</span> 
     </span>
     <span class='ocr_line' id='line_1_5' title="bbox 151 710 1331 801; baseline 0.004 -25"><span class='ocrx_word' id='word_1_21' title='bbox 151 724 201 789; x_wconf 88' lang='lat' dir='ltr'>tnr,</span> <span class='ocrx_word' id='word_1_22' title='bbox 211 724 303 795; x_wconf 89' lang='lat' dir='ltr'>atque</span> <span class='ocrx_word' id='word_1_23' title='bbox 314 717 548 796; x_wconf 89' lang='lat' dir='ltr'>inspirationem</span> <span class='ocrx_word' id='word_1_24' title='bbox 557 720 776 781; x_wconf 88' lang='lat' dir='ltr'>strictissimam</span> <span class='ocrx_word' id='word_1_25' title='bbox 787 722 819 781; x_wconf 93' lang='lat' dir='ltr'>in</span> <span class='ocrx_word' id='word_1_26' title='bbox 829 721 970 781; x_wconf 91' lang='lat' dir='ltr'>omnibus</span> <span class='ocrx_word' id='word_1_27' title='bbox 980 721 1227 801; x_wconf 78' lang='lat' dir='ltr'>propugnabant3</span> <span class='ocrx_word' id='word_1_28' title='bbox 1324 710 1331 724; x_wconf 68' lang='grc'>’</span> 
     </span>
    </p>

    <p class='ocr_par' dir='ltr' id='par_1_4' title="bbox 90 801 1228 1225">
     <span class='ocr_line' id='line_1_6' title="bbox 90 801 1228 868; baseline 0.004 -7"><span class='ocrx_word' id='word_1_29' title='bbox 90 844 93 861; x_wconf 89' lang='grc'><em>.</em></span> <span class='ocrx_word' id='word_1_30' title='bbox 150 801 196 862; x_wconf 86' lang='lat' dir='ltr'>alii</span> <span class='ocrx_word' id='word_1_31' title='bbox 204 819 278 862; x_wconf 79' lang='lat' dir='ltr'>uero</span> <span class='ocrx_word' id='word_1_32' title='bbox 291 802 431 864; x_wconf 79' lang='lat' dir='ltr'>textibus</span> <span class='ocrx_word' id='word_1_33' title='bbox 442 804 563 864; x_wconf 89' lang='lat' dir='ltr'>Patrum</span> <span class='ocrx_word' id='word_1_34' title='bbox 572 805 666 868; x_wconf 90' lang='lat' dir='ltr'>solam</span> <span class='ocrx_word' id='word_1_35' title='bbox 676 807 896 868; x_wconf 84' lang='lat' dir='ltr'>immunitatem</span> <span class='ocrx_word' id='word_1_36' title='bbox 909 806 947 866; x_wconf 90' lang='lat' dir='ltr'>ab</span> <span class='ocrx_word' id='word_1_37' title='bbox 959 806 1114 867; x_wconf 89' lang='lat' dir='ltr'>erroribus</span> <span class='ocrx_word' id='word_1_38' title='bbox 1125 806 1228 867; x_wconf 83' lang='lat' dir='ltr'>deien-</span> 
     </span>
     <span class='ocr_line' id='line_1_7' title="bbox 150 886 1227 971; baseline 0.001 -23"><span class='ocrx_word' id='word_1_39' title='bbox 150 886 286 948; x_wconf 87' lang='lat' dir='ltr'>deutibus</span> <span class='ocrx_word' id='word_1_40' title='bbox 307 888 428 960; x_wconf 84' lang='lat' dir='ltr'>innixi,</span> <span class='ocrx_word' id='word_1_41' title='bbox 442 889 649 950; x_wconf 84' lang='lat' dir='ltr'>liberaliorem</span> <span class='ocrx_word' id='word_1_42' title='bbox 666 892 874 971; x_wconf 83' lang='lat' dir='ltr'>inspirationis</span> <span class='ocrx_word' id='word_1_43' title='bbox 891 890 1032 951; x_wconf 85' lang='lat' dir='ltr'>notitiam</span> <span class='ocrx_word' id='word_1_44' title='bbox 1052 891 1227 951; x_wconf 88' lang='lat' dir='ltr'>tuebantur.</span> 
     </span>
     <span class='ocr_line' id='line_1_8' title="bbox 150 958 1227 1056; baseline 0.004 -23"><span class='ocrx_word' id='word_1_45' title='bbox 150 973 221 1033; x_wconf 85' lang='lat' dir='ltr'>ilinc</span> <span class='ocrx_word' id='word_1_46' title='bbox 232 974 332 1034; x_wconf 85' lang='lat' dir='ltr'>uariis</span> <span class='ocrx_word' id='word_1_47' title='bbox 345 973 381 1032; x_wconf 92' lang='lat' dir='ltr'>in</span> <span class='ocrx_word' id='word_1_48' title='bbox 395 958 572 1052; x_wconf 78' lang='lat' dir='ltr'>regionibus</span> <span class='ocrx_word' id='word_1_49' title='bbox 591 978 675 1036; x_wconf 84' lang='lat' dir='ltr'>varia</span> <span class='ocrx_word' id='word_1_50' title='bbox 686 976 725 1037; x_wconf 92' lang='lat' dir='ltr'>de</span> <span class='ocrx_word' id='word_1_51' title='bbox 741 976 949 1056; x_wconf 83' lang='lat' dir='ltr'>inspirationis</span> <span class='ocrx_word' id='word_1_52' title='bbox 966 975 1055 1036; x_wconf 92' lang='lat' dir='ltr'>modo</span> <span class='ocrx_word' id='word_1_53' title='bbox 1074 976 1227 1037; x_wconf 88' lang='lat' dir='ltr'>sententia</span> 
     </span>
     <span class='ocr_line' id='line_1_9' title="bbox 145 1058 1227 1138; baseline 0.002 -19"><span class='ocrx_word' id='word_1_54' title='bbox 145 1059 339 1138; x_wconf 73' lang='lat' dir='ltr'>prevalebat.</span> <span class='ocrx_word' id='word_1_55' title='bbox 350 1058 522 1121; x_wconf 90' lang='lat' dir='ltr'>Concilimn</span> <span class='ocrx_word' id='word_1_56' title='bbox 537 1061 751 1122; x_wconf 69' lang='lat' dir='ltr'>&#39;tridentinum</span> <span class='ocrx_word' id='word_1_57' title='bbox 765 1065 861 1122; x_wconf 91' lang='lat' dir='ltr'>Deum</span> <span class='ocrx_word' id='word_1_58' title='bbox 874 1062 1028 1138; x_wconf 88' lang='lat' dir='ltr'>utriusque</span> <span class='ocrx_word' id='word_1_59' title='bbox 1039 1061 1227 1122; x_wconf 83' lang='lat' dir='ltr'>Testamenti</span> 
     </span>
     <span class='ocr_line' id='line_1_10' title="bbox 143 1144 1227 1225; baseline 0.003 -22"><span class='ocrx_word' id='word_1_60' title='bbox 143 1151 297 1204; x_wconf 84' lang='lat' dir='ltr'>auctorem</span> <span class='ocrx_word' id='word_1_61' title='bbox 317 1160 385 1205; x_wconf 89' lang='lat' dir='ltr'>esse</span> <span class='ocrx_word' id='word_1_62' title='bbox 398 1144 478 1204; x_wconf 84' lang='lat' dir='ltr'>dixit</span> <span class='ocrx_word' id='word_1_63' title='bbox 490 1144 627 1222; x_wconf 69' lang='lat' dir='ltr'>(sessa.</span> <span class='ocrx_word' id='word_1_64' title='bbox 646 1150 735 1208; x_wconf 90' lang='lat' dir='ltr'>Decr.</span> <span class='ocrx_word' id='word_1_65' title='bbox 753 1147 793 1207; x_wconf 90' lang='lat' dir='ltr'>de</span> <span class='ocrx_word' id='word_1_66' title='bbox 812 1147 1049 1225; x_wconf 71' lang='lat' dir='ltr'>conscript),</span> <span class='ocrx_word' id='word_1_67' title='bbox 1069 1146 1124 1206; x_wconf 87' lang='lat' dir='ltr'>sed</span> <span class='ocrx_word' id='word_1_68' title='bbox 1140 1146 1227 1206; x_wconf 91' lang='lat' dir='ltr'>litem</span> 
     </span>
    </p>

    <p class='ocr_par' dir='ltr' id='par_1_5' title="bbox 90 1229 1227 1377">
     <span class='ocr_line' id='line_1_11' title="bbox 90 1229 1227 1304; baseline 0.001 -14"><span class='ocrx_word' id='word_1_69' title='bbox 90 1282 95 1301; x_wconf 86' lang='lat'>‚</span> <span class='ocrx_word' id='word_1_70' title='bbox 142 1229 353 1291; x_wconf 87' lang='lat' dir='ltr'>scholasticam</span> <span class='ocrx_word' id='word_1_71' title='bbox 361 1229 442 1291; x_wconf 89' lang='lat' dir='ltr'>baud</span> <span class='ocrx_word' id='word_1_72' title='bbox 455 1231 596 1304; x_wconf 87' lang='lat' dir='ltr'>diremit,</span> <span class='ocrx_word' id='word_1_73' title='bbox 609 1251 677 1293; x_wconf 90' lang='lat' dir='ltr'>cum</span> <span class='ocrx_word' id='word_1_74' title='bbox 686 1231 745 1294; x_wconf 91' lang='lat' dir='ltr'>hoc</span> <span class='ocrx_word' id='word_1_75' title='bbox 756 1234 788 1292; x_wconf 90' lang='lat' dir='ltr'>in</span> <span class='ocrx_word' id='word_1_76' title='bbox 800 1240 927 1293; x_wconf 87' lang='lat' dir='ltr'>utranue</span> <span class='ocrx_word' id='word_1_77' title='bbox 939 1232 1090 1292; x_wconf 89' lang='lat' dir='ltr'>sententia</span> <span class='ocrx_word' id='word_1_78' title='bbox 1103 1233 1227 1293; x_wconf 89' lang='lat' dir='ltr'>verissi-</span> 
     </span>
     <span class='ocr_line' id='line_1_12' title="bbox 141 1317 697 1377; baseline -0.002 -1"><span class='ocrx_word' id='word_1_79' title='bbox 141 1331 220 1376; x_wconf 79' lang='lat' dir='ltr'>num</span> <span class='ocrx_word' id='word_1_80' title='bbox 230 1317 282 1377; x_wconf 89' lang='lat' dir='ltr'>sit.</span> <span class='ocrx_word' id='word_1_81' title='bbox 691 1353 697 1375; x_wconf 88' lang='lat'>.</span> 
     </span>
    </p>

    <p class='ocr_par' dir='ltr' id='par_1_6' title="bbox 174 1403 1226 1484">
     <span class='ocr_line' id='line_1_13' title="bbox 174 1403 1226 1484; baseline 0.006 -24"><span class='ocrx_word' id='word_1_82' title='bbox 174 1407 228 1459; x_wconf 71' lang='grc'>30.</span> <span class='ocrx_word' id='word_1_83' title='bbox 237 1403 464 1463; x_wconf 72' lang='lat' dir='ltr'>liberaliorem</span> <span class='ocrx_word' id='word_1_84' title='bbox 472 1404 554 1464; x_wconf 91' lang='lat' dir='ltr'>inter</span> <span class='ocrx_word' id='word_1_85' title='bbox 564 1405 638 1464; x_wconf 88' lang='lat' dir='ltr'>alios</span> <span class='ocrx_word' id='word_1_86' title='bbox 650 1403 688 1464; x_wconf 93' lang='lat' dir='ltr'>de</span> <span class='ocrx_word' id='word_1_87' title='bbox 701 1404 900 1484; x_wconf 86' lang='lat' dir='ltr'>inspiratione</span> <span class='ocrx_word' id='word_1_88' title='bbox 909 1404 1049 1464; x_wconf 88' lang='lat' dir='ltr'>notitiam</span> <span class='ocrx_word' id='word_1_89' title='bbox 1058 1421 1136 1465; x_wconf 88' lang='lat' dir='ltr'>anno</span> <span class='ocrx_word' id='word_1_90' title='bbox 1154 1406 1226 1466; x_wconf 79' lang='lat' dir='ltr'>ldssb</span> 
     </span>
    </p>

    <p class='ocr_par' dir='ltr' id='par_1_7' title="bbox 140 1487 1225 1569">
     <span class='ocr_line' id='line_1_14' title="bbox 140 1487 1225 1569; baseline 0.005 -22"><span class='ocrx_word' id='word_1_91' title='bbox 140 1487 324 1549; x_wconf 87' lang='lat' dir='ltr'>intbesibus</span> <span class='ocrx_word' id='word_1_92' title='bbox 342 1488 474 1567; x_wconf 88' lang='lat' dir='ltr'>publicis</span> <span class='ocrx_word' id='word_1_93' title='bbox 493 1489 620 1549; x_wconf 84' lang='lat' dir='ltr'>Louanii</span> <span class='ocrx_word' id='word_1_94' title='bbox 639 1494 867 1569; x_wconf 79' lang='lat' dir='ltr'>propugnarunt</span> <span class='ocrx_word' id='word_1_95' title='bbox 885 1490 1005 1550; x_wconf 87' lang='lat' dir='ltr'>Lessius</span> <span class='ocrx_word' id='word_1_96' title='bbox 1022 1497 1053 1549; x_wconf 93' lang='lat' dir='ltr'>et</span> <span class='ocrx_word' id='word_1_97' title='bbox 1069 1492 1225 1552; x_wconf 89' lang='lat' dir='ltr'>Hamelius</span> 
     </span>
    </p>

    <p class='ocr_par' dir='ltr' id='par_1_8' title="bbox 139 1573 1222 1654">
     <span class='ocr_line' id='line_1_15' title="bbox 139 1573 1222 1654; baseline 0.003 -21"><span class='ocrx_word' id='word_1_98' title='bbox 139 1573 301 1634; x_wconf 88' lang='lat' dir='ltr'>Societatis</span> <span class='ocrx_word' id='word_1_99' title='bbox 310 1575 400 1645; x_wconf 86' lang='lat' dir='ltr'>Jesu,</span> <span class='ocrx_word' id='word_1_100' title='bbox 414 1580 581 1635; x_wconf 86' lang='lat' dir='ltr'>statuentes</span> <span class='ocrx_word' id='word_1_101' title='bbox 592 1594 599 1633; x_wconf 88' lang='lat'>:</span> <span class='ocrx_word' id='word_1_102' title='bbox 612 1574 642 1634; x_wconf 90' lang='lat' dir='ltr'>l⁰</span> <span class='ocrx_word' id='word_1_103' title='bbox 655 1577 697 1634; x_wconf 90' lang='lat' dir='ltr'>Ut</span> <span class='ocrx_word' id='word_1_104' title='bbox 709 1574 824 1652; x_wconf 90' lang='lat' dir='ltr'>aliquid</span> <span class='ocrx_word' id='word_1_105' title='bbox 835 1573 876 1634; x_wconf 90' lang='lat' dir='ltr'>sit</span> <span class='ocrx_word' id='word_1_106' title='bbox 894 1575 1048 1654; x_wconf 89' lang='lat' dir='ltr'>Scriptura</span> <span class='ocrx_word' id='word_1_107' title='bbox 1064 1592 1148 1637; x_wconf 90' lang='lat' dir='ltr'>saera</span> <span class='ocrx_word' id='word_1_108' title='bbox 1162 1595 1222 1636; x_wconf 91' lang='lat' dir='ltr'>non</span> 
     </span>
    </p>

    <p class='ocr_par' dir='ltr' id='par_1_9' title="bbox 138 1660 1222 1739">
     <span class='ocr_line' id='line_1_16' title="bbox 138 1660 1222 1739; baseline 0.003 -21"><span class='ocrx_word' id='word_1_109' title='bbox 138 1661 402 1721; x_wconf 86' lang='lat' dir='ltr'>estneeessarium</span> <span class='ocrx_word' id='word_1_110' title='bbox 412 1660 531 1737; x_wconf 81' lang='lat' dir='ltr'>singula</span> <span class='ocrx_word' id='word_1_111' title='bbox 541 1660 606 1739; x_wconf 85' lang='lat' dir='ltr'>ejus</span> <span class='ocrx_word' id='word_1_112' title='bbox 616 1662 709 1722; x_wconf 87' lang='lat' dir='ltr'>verba</span> <span class='ocrx_word' id='word_1_113' title='bbox 720 1661 864 1739; x_wconf 89' lang='lat' dir='ltr'>inspirata</span> <span class='ocrx_word' id='word_1_114' title='bbox 878 1677 970 1720; x_wconf 86' lang='lat' dir='ltr'>essea</span> <span class='ocrx_word' id='word_1_115' title='bbox 984 1661 1100 1739; x_wconf 91' lang='lat' dir='ltr'>Spiritu</span> <span class='ocrx_word' id='word_1_116' title='bbox 1108 1670 1222 1721; x_wconf 86' lang='lat' dir='ltr'>saneto.</span> 
     </span>
    </p>

    <p class='ocr_par' dir='ltr' id='par_1_10' title="bbox 137 1741 1224 1824">
     <span class='ocr_line' id='line_1_17' title="bbox 137 1741 1224 1824; baseline 0.001 -21"><span class='ocrx_word' id='word_1_117' title='bbox 137 1741 168 1803; x_wconf 79' lang='lat'>2⁰</span> <span class='ocrx_word' id='word_1_118' title='bbox 178 1745 246 1804; x_wconf 91' lang='lat' dir='ltr'>Non</span> <span class='ocrx_word' id='word_1_119' title='bbox 257 1746 518 1806; x_wconf 85' lang='lat' dir='ltr'>estnecessarium</span> <span class='ocrx_word' id='word_1_120' title='bbox 529 1753 562 1806; x_wconf 93' lang='lat' dir='ltr'>ut</span> <span class='ocrx_word' id='word_1_121' title='bbox 572 1746 699 1824; x_wconf 78' lang='lat' dir='ltr'>singulae</span> <span class='ocrx_word' id='word_1_122' title='bbox 709 1747 854 1806; x_wconf 87' lang='lat' dir='ltr'>veritates</span> <span class='ocrx_word' id='word_1_123' title='bbox 867 1752 897 1804; x_wconf 91' lang='lat' dir='ltr'>ot</span> <span class='ocrx_word' id='word_1_124' title='bbox 915 1746 1075 1804; x_wconf 72' lang='lat' dir='ltr'>sententiae</span> <span class='ocrx_word' id='word_1_125' title='bbox 1093 1747 1154 1804; x_wconf 90' lang='lat' dir='ltr'>sint</span> <span class='ocrx_word' id='word_1_126' title='bbox 1166 1747 1224 1804; x_wconf 92' lang='lat' dir='ltr'>im-</span> 
     </span>
    </p>

    <p class='ocr_par' dir='ltr' id='par_1_11' title="bbox 136 1829 1222 1910">
     <span class='ocr_line' id='line_1_18' title="bbox 136 1829 1222 1910; baseline 0.001 -21"><span class='ocrx_word' id='word_1_127' title='bbox 136 1829 272 1890; x_wconf 85' lang='lat' dir='ltr'>mediate</span> <span class='ocrx_word' id='word_1_128' title='bbox 290 1846 309 1890; x_wconf 92' lang='lat' dir='ltr'>a</span> <span class='ocrx_word' id='word_1_129' title='bbox 327 1831 443 1910; x_wconf 91' lang='lat' dir='ltr'>Spiritu</span> <span class='ocrx_word' id='word_1_130' title='bbox 464 1839 567 1891; x_wconf 90' lang='lat' dir='ltr'>saneto</span> <span class='ocrx_word' id='word_1_131' title='bbox 586 1832 731 1909; x_wconf 83' lang='lat' dir='ltr'>scriptori</span> <span class='ocrx_word' id='word_1_132' title='bbox 749 1831 914 1907; x_wconf 86' lang='lat' dir='ltr'>inspiratae.</span> <span class='ocrx_word' id='word_1_133' title='bbox 938 1829 969 1887; x_wconf 83' lang='grc' dir='ltr'>5ο</span> <span class='ocrx_word' id='word_1_134' title='bbox 989 1830 1083 1887; x_wconf 89' lang='lat' dir='ltr'>Liber</span> <span class='ocrx_word' id='word_1_135' title='bbox 1097 1831 1222 1906; x_wconf 90' lang='lat' dir='ltr'>aliquis,</span> 
     </span>
    </p>

    <p class='ocr_par' dir='ltr' id='par_1_12' title="bbox 136 1913 1221 2162">
     <span class='ocr_line' id='line_1_19' title="bbox 136 1913 1221 1991; baseline 0.001 -18"><span class='ocrx_word' id='word_1_136' title='bbox 136 1914 239 1991; x_wconf 80' lang='lat' dir='ltr'>qtmlis</span> <span class='ocrx_word' id='word_1_137' title='bbox 248 1915 325 1976; x_wconf 84' lang='lat' dir='ltr'>iorte</span> <span class='ocrx_word' id='word_1_138' title='bbox 338 1924 385 1977; x_wconf 91' lang='lat' dir='ltr'>est</span> <span class='ocrx_word' id='word_1_139' title='bbox 394 1918 421 1975; x_wconf 94' lang='lat' dir='ltr'>ll</span> <span class='ocrx_word' id='word_1_140' title='bbox 431 1916 688 1986; x_wconf 74' lang='lat' dir='ltr'>Machabteorum&#39;,</span> <span class='ocrx_word' id='word_1_141' title='bbox 701 1916 767 1974; x_wconf 88' lang='lat' dir='ltr'>sine</span> <span class='ocrx_word' id='word_1_142' title='bbox 786 1913 956 1973; x_wconf 86' lang='lat' dir='ltr'>assistentia</span> <span class='ocrx_word' id='word_1_143' title='bbox 969 1913 1098 1991; x_wconf 83' lang='lat' dir='ltr'>Spiritus</span> <span class='ocrx_word' id='word_1_144' title='bbox 1111 1917 1221 1987; x_wconf 87' lang='lat' dir='ltr'>saneti,</span> 
     </span>
     <span class='ocr_line' id='line_1_20' title="bbox 136 1996 1221 2080; baseline -0.001 -22"><span class='ocrx_word' id='word_1_145' title='bbox 136 1999 458 2078; x_wconf 80' lang='lat' dir='ltr'>scriptus,siSpiritus</span> <span class='ocrx_word' id='word_1_146' title='bbox 468 2008 588 2060; x_wconf 89' lang='lat' dir='ltr'>sanetus</span> <span class='ocrx_word' id='word_1_147' title='bbox 600 2008 705 2080; x_wconf 90' lang='lat' dir='ltr'>postea</span> <span class='ocrx_word' id='word_1_148' title='bbox 723 2005 852 2059; x_wconf 87' lang='lat' dir='ltr'>testetur</span> <span class='ocrx_word' id='word_1_149' title='bbox 865 1997 944 2056; x_wconf 89' lang='lat' dir='ltr'>nihil</span> <span class='ocrx_word' id='word_1_150' title='bbox 958 1996 1004 2056; x_wconf 92' lang='lat' dir='ltr'>ibi</span> <span class='ocrx_word' id='word_1_151' title='bbox 1023 2014 1089 2058; x_wconf 88' lang='lat' dir='ltr'>esse</span> <span class='ocrx_word' id='word_1_152' title='bbox 1101 1998 1221 2072; x_wconf 84' lang='lat' dir='ltr'>falsum,</span> 
     </span>
     <span class='ocr_line' id='line_1_21' title="bbox 137 2080 963 2162; baseline 0.006 -21"><span class='ocrx_word' id='word_1_153' title='bbox 137 2080 434 2162; x_wconf 81' lang='lat' dir='ltr'>efficiturScriptura</span> <span class='ocrx_word' id='word_1_154' title='bbox 450 2102 545 2145; x_wconf 87' lang='lat' dir='ltr'>sacra.</span> <span class='ocrx_word' id='word_1_155' title='bbox 591 2082 594 2086; x_wconf 83' lang='grc'>’</span> <span class='ocrx_word' id='word_1_156' title='bbox 953 2101 963 2115; x_wconf 80' lang='grc'><em>’</em></span> 
     </span>
    </p>

    <p class='ocr_par' dir='ltr' id='par_1_13' title="bbox 133 2168 1221 2834">
     <span class='ocr_line' id='line_1_22' title="bbox 174 2168 1221 2251; baseline -0.001 -19"><span class='ocrx_word' id='word_1_157' title='bbox 174 2171 275 2233; x_wconf 82' lang='lat' dir='ltr'>Hasce</span> <span class='ocrx_word' id='word_1_158' title='bbox 294 2173 520 2251; x_wconf 85' lang='lat' dir='ltr'>propositiones</span> <span class='ocrx_word' id='word_1_159' title='bbox 533 2170 681 2249; x_wconf 78' lang='lat' dir='ltr'>Theologi</span> <span class='ocrx_word' id='word_1_160' title='bbox 692 2169 899 2229; x_wconf 76' lang='lat' dir='ltr'>lovanienses</span> <span class='ocrx_word' id='word_1_161' title='bbox 912 2173 943 2228; x_wconf 90' lang='lat' dir='ltr'>et</span> <span class='ocrx_word' id='word_1_162' title='bbox 952 2168 1124 2231; x_wconf 83' lang='lat' dir='ltr'>nnae&#39;ensos</span> <span class='ocrx_word' id='word_1_163' title='bbox 1135 2172 1221 2231; x_wconf 90' lang='lat' dir='ltr'>annis</span> 
     </span>
     <span class='ocr_line' id='line_1_23' title="bbox 135 2253 1221 2333; baseline 0.001 -18"><span class='ocrx_word' id='word_1_164' title='bbox 135 2254 210 2315; x_wconf 72' lang='lat' dir='ltr'>tati</span> <span class='ocrx_word' id='word_1_165' title='bbox 226 2265 260 2317; x_wconf 93' lang='lat' dir='ltr'>et</span> <span class='ocrx_word' id='word_1_166' title='bbox 279 2257 353 2316; x_wconf 77' lang='lat' dir='ltr'>l388</span> <span class='ocrx_word' id='word_1_167' title='bbox 369 2265 434 2330; x_wconf 88' lang='lat' dir='ltr'>atro</span> <span class='ocrx_word' id='word_1_168' title='bbox 455 2257 587 2317; x_wconf 87' lang='lat' dir='ltr'>carbone</span> <span class='ocrx_word' id='word_1_169' title='bbox 606 2262 758 2316; x_wconf 87' lang='lat' dir='ltr'>notarunt.</span> <span class='ocrx_word' id='word_1_170' title='bbox 781 2253 842 2315; x_wconf 89' lang='lat' dir='ltr'>Sed</span> <span class='ocrx_word' id='word_1_171' title='bbox 858 2253 924 2314; x_wconf 68' lang='lat' dir='ltr'>hate</span> <span class='ocrx_word' id='word_1_172' title='bbox 946 2270 1073 2315; x_wconf 83' lang='lat' dir='ltr'>censura</span> <span class='ocrx_word' id='word_1_173' title='bbox 1095 2254 1221 2333; x_wconf 85' lang='lat' dir='ltr'>reliquis</span> 
     </span>
     <span class='ocr_line' id='line_1_24' title="bbox 135 2338 1220 2413; baseline -0.002 -8"><span class='ocrx_word' id='word_1_174' title='bbox 135 2342 321 2413; x_wconf 75' lang='lat' dir='ltr'>Catholicis,</span> <span class='ocrx_word' id='word_1_175' title='bbox 342 2343 542 2403; x_wconf 83' lang='lat' dir='ltr'>Universitati</span> <span class='ocrx_word' id='word_1_176' title='bbox 563 2342 727 2403; x_wconf 89' lang='lat' dir='ltr'>Parisiensi</span> <span class='ocrx_word' id='word_1_177' title='bbox 746 2347 776 2400; x_wconf 88' lang='lat' dir='ltr'>et</span> <span class='ocrx_word' id='word_1_178' title='bbox 790 2342 924 2401; x_wconf 86' lang='lat' dir='ltr'>Romano</span> <span class='ocrx_word' id='word_1_179' title='bbox 945 2338 1083 2401; x_wconf 84' lang='lat' dir='ltr'>Pontifici</span> <span class='ocrx_word' id='word_1_180' title='bbox 1094 2343 1220 2403; x_wconf 87' lang='lat' dir='ltr'>minime</span> 
     </span>
     <span class='ocr_line' id='line_1_25' title="bbox 134 2426 1220 2507; baseline 0.001 -18"><span class='ocrx_word' id='word_1_181' title='bbox 134 2430 265 2507; x_wconf 85' lang='lat' dir='ltr'>probata</span> <span class='ocrx_word' id='word_1_182' title='bbox 275 2429 342 2488; x_wconf 87' lang='lat' dir='ltr'>luit.</span> <span class='ocrx_word' id='word_1_183' title='bbox 358 2429 460 2489; x_wconf 87' lang='lat' dir='ltr'>Lessio</span> <span class='ocrx_word' id='word_1_184' title='bbox 472 2429 652 2488; x_wconf 85' lang='lat' dir='ltr'>etHamelio</span> <span class='ocrx_word' id='word_1_185' title='bbox 665 2445 702 2488; x_wconf 85' lang='lat' dir='ltr'>ex</span> <span class='ocrx_word' id='word_1_186' title='bbox 714 2426 821 2486; x_wconf 91' lang='lat' dir='ltr'>eadem</span> <span class='ocrx_word' id='word_1_187' title='bbox 839 2426 992 2487; x_wconf 80' lang='lat' dir='ltr'>societate</span> <span class='ocrx_word' id='word_1_188' title='bbox 1002 2428 1075 2486; x_wconf 89' lang='lat' dir='ltr'>Jesu</span> <span class='ocrx_word' id='word_1_189' title='bbox 1087 2427 1220 2490; x_wconf 79' lang='lat' dir='ltr'>adnasc-</span> 
     </span>
     <span class='ocr_line' id='line_1_26' title="bbox 134 2512 1218 2590; baseline 0 -15"><span class='ocrx_word' id='word_1_190' title='bbox 134 2521 206 2575; x_wconf 86' lang='lat' dir='ltr'>rtmt</span> <span class='ocrx_word' id='word_1_191' title='bbox 219 2514 312 2578; x_wconf 79' lang='lat' dir='ltr'>carn.</span> <span class='ocrx_word' id='word_1_192' title='bbox 332 2514 549 2585; x_wconf 75' lang='lat' dir='ltr'>bellarminus,</span> <span class='ocrx_word' id='word_1_193' title='bbox 574 2515 724 2585; x_wconf 61' lang='lat' dir='ltr'>lusitana,</span> <span class='ocrx_word' id='word_1_194' title='bbox 745 2512 904 2575; x_wconf 83' lang='lat' dir='ltr'>Cornelius</span> <span class='ocrx_word' id='word_1_195' title='bbox 920 2512 1078 2590; x_wconf 58' lang='lat' dir='ltr'>altapidm</span> <span class='ocrx_word' id='word_1_196' title='bbox 1093 2514 1218 2575; x_wconf 84' lang='lat' dir='ltr'>Bonire-</span> 
     </span>
     <span class='ocr_line' id='line_1_27' title="bbox 133 2599 1216 2679; baseline 0.001 -18"><span class='ocrx_word' id='word_1_197' title='bbox 133 2600 200 2661; x_wconf 79' lang='lat' dir='ltr'>rius</span> <span class='ocrx_word' id='word_1_198' title='bbox 210 2617 246 2662; x_wconf 89' lang='lat' dir='ltr'>ae</span> <span class='ocrx_word' id='word_1_199' title='bbox 262 2600 326 2661; x_wconf 90' lang='lat' dir='ltr'>alii.</span> <span class='ocrx_word' id='word_1_200' title='bbox 336 2601 446 2660; x_wconf 87' lang='lat' dir='ltr'>Eidem</span> <span class='ocrx_word' id='word_1_201' title='bbox 463 2603 619 2677; x_wconf 86' lang='lat' dir='ltr'>systemati</span> <span class='ocrx_word' id='word_1_202' title='bbox 639 2600 833 2661; x_wconf 91' lang='lat' dir='ltr'>subscribunt</span> <span class='ocrx_word' id='word_1_203' title='bbox 844 2599 994 2659; x_wconf 87' lang='lat' dir='ltr'>ltlelebior</span> <span class='ocrx_word' id='word_1_204' title='bbox 1006 2601 1104 2662; x_wconf 78' lang='lat' dir='ltr'>Canus</span> <span class='ocrx_word' id='word_1_205' title='bbox 1124 2603 1216 2679; x_wconf 84' lang='lat' dir='ltr'>episc.</span> 
     </span>
     <span class='ocr_line' id='line_1_28' title="bbox 134 2686 1217 2767; baseline 0 -17"><span class='ocrx_word' id='word_1_206' title='bbox 134 2686 348 2758; x_wconf 72' lang='lat' dir='ltr'>cesariensis,</span> <span class='ocrx_word' id='word_1_207' title='bbox 359 2688 523 2766; x_wconf 84' lang='lat' dir='ltr'>Dupinius,</span> <span class='ocrx_word' id='word_1_208' title='bbox 535 2689 702 2759; x_wconf 84' lang='lat' dir='ltr'>Simonias,</span> <span class='ocrx_word' id='word_1_209' title='bbox 716 2687 953 2758; x_wconf 88' lang='lat' dir='ltr'>Contensonius,</span> <span class='ocrx_word' id='word_1_210' title='bbox 965 2687 1117 2748; x_wconf 74' lang='lat' dir='ltr'>calmetus</span> <span class='ocrx_word' id='word_1_211' title='bbox 1127 2695 1217 2767; x_wconf 88' lang='lat' dir='ltr'>atque</span> 
     </span>
     <span class='ocr_line' id='line_1_29' title="bbox 134 2774 549 2834; baseline 0.005 -2"><span class='ocrx_word' id='word_1_212' title='bbox 134 2774 327 2834; x_wconf 83' lang='lat' dir='ltr'>recentiores</span> <span class='ocrx_word' id='word_1_213' title='bbox 338 2776 403 2833; x_wconf 87' lang='lat' dir='ltr'>iere</span> <span class='ocrx_word' id='word_1_214' title='bbox 415 2790 519 2834; x_wconf 87' lang='lat' dir='ltr'>omnes</span> <span class='ocrx_word' id='word_1_215' title='bbox 529 2774 549 2833; x_wconf 87' lang='lat'>¹.</span> 
     </span>
    </p>

    <p class='ocr_par' dir='ltr' id='par_1_14' title="bbox 135 2855 1217 3194">
     <span class='ocr_line' id='line_1_30' title="bbox 174 2855 1217 2932; baseline 0.008 -19"><span class='ocrx_word' id='word_1_216' title='bbox 174 2861 226 2914; x_wconf 77' lang='lat'>51.</span> <span class='ocrx_word' id='word_1_217' title='bbox 239 2861 382 2921; x_wconf 70' lang='lat' dir='ltr'>Hearieus</span> <span class='ocrx_word' id='word_1_218' title='bbox 398 2860 569 2932; x_wconf 80' lang='lat' dir='ltr'>Holdenius,</span> <span class='ocrx_word' id='word_1_219' title='bbox 583 2859 689 2920; x_wconf 83' lang='lat' dir='ltr'>doctor</span> <span class='ocrx_word' id='word_1_220' title='bbox 702 2855 894 2928; x_wconf 89' lang='lat' dir='ltr'>sorbonicus,</span> <span class='ocrx_word' id='word_1_221' title='bbox 907 2857 1052 2918; x_wconf 89' lang='lat' dir='ltr'>arctiores</span> <span class='ocrx_word' id='word_1_222' title='bbox 1063 2857 1161 2921; x_wconf 89' lang='lat' dir='ltr'>adbuc</span> <span class='ocrx_word' id='word_1_223' title='bbox 1171 2862 1217 2921; x_wconf 91' lang='lat' dir='ltr'>in-</span> 
     </span>
     <span class='ocr_line' id='line_1_31' title="bbox 135 2943 1215 3026; baseline 0.002 -21"><span class='ocrx_word' id='word_1_224' title='bbox 135 2944 297 3023; x_wconf 83' lang='lat' dir='ltr'>spirationi</span> <span class='ocrx_word' id='word_1_225' title='bbox 308 2947 422 3007; x_wconf 89' lang='lat' dir='ltr'>limites</span> <span class='ocrx_word' id='word_1_226' title='bbox 432 2947 580 3026; x_wconf 88' lang='lat' dir='ltr'>apposuit.</span> <span class='ocrx_word' id='word_1_227' title='bbox 591 2945 757 3008; x_wconf 84' lang='lat' dir='ltr'>Contendit</span> <span class='ocrx_word' id='word_1_228' title='bbox 767 2943 967 3005; x_wconf 89' lang='lat' dir='ltr'>assistentiam</span> <span class='ocrx_word' id='word_1_229' title='bbox 981 2945 1111 3022; x_wconf 86' lang='lat' dir='ltr'>Spiritus</span> <span class='ocrx_word' id='word_1_230' title='bbox 1121 2949 1215 3009; x_wconf 89' lang='lat' dir='ltr'>saneti</span> 
     </span>
     <span class='ocr_line' id='line_1_32' title="bbox 138 3029 1215 3109; baseline 0.004 -19"><span class='ocrx_word' id='word_1_231' title='bbox 138 3030 179 3091; x_wconf 86' lang='lat' dir='ltr'>ad</span> <span class='ocrx_word' id='word_1_232' title='bbox 190 3048 306 3093; x_wconf 86' lang='lat' dir='ltr'>errores</span> <span class='ocrx_word' id='word_1_233' title='bbox 318 3033 534 3107; x_wconf 87' lang='lat' dir='ltr'>praecavendos</span> <span class='ocrx_word' id='word_1_234' title='bbox 552 3031 708 3109; x_wconf 89' lang='lat' dir='ltr'>pertinere</span> <span class='ocrx_word' id='word_1_235' title='bbox 730 3030 767 3089; x_wconf 88' lang='lat' dir='ltr'>ad</span> <span class='ocrx_word' id='word_1_236' title='bbox 777 3032 841 3088; x_wconf 88' lang='lat' dir='ltr'>sola</span> <span class='ocrx_word' id='word_1_237' title='bbox 860 3029 1054 3102; x_wconf 87' lang='lat' dir='ltr'>doctrinalia,</span> <span class='ocrx_word' id='word_1_238' title='bbox 1069 3041 1157 3109; x_wconf 86' lang='lat' dir='ltr'>atquo</span> <span class='ocrx_word' id='word_1_239' title='bbox 1178 3035 1215 3094; x_wconf 89' lang='lat' dir='ltr'>ad</span> 
     </span>
     <span class='ocr_line' id='line_1_33' title="bbox 141 3114 929 3194; baseline -0.004 -20"><span class='ocrx_word' id='word_1_240' title='bbox 141 3128 196 3185; x_wconf 78' lang='lat' dir='ltr'>oa,</span> <span class='ocrx_word' id='word_1_241' title='bbox 211 3118 351 3193; x_wconf 82' lang='lat' dir='ltr'>quaehaec</span> <span class='ocrx_word' id='word_1_242' title='bbox 361 3118 498 3194; x_wconf 82' lang='lat' dir='ltr'>proxime</span> <span class='ocrx_word' id='word_1_243' title='bbox 510 3124 560 3176; x_wconf 91' lang='lat' dir='ltr'>aut</span> <span class='ocrx_word' id='word_1_244' title='bbox 569 3115 741 3175; x_wconf 89' lang='lat' dir='ltr'>necessarie</span> <span class='ocrx_word' id='word_1_245' title='bbox 752 3114 929 3189; x_wconf 90' lang='lat' dir='ltr'>respiciunt.</span> 
     </span>
    </p>

    <p class='ocr_par' dir='ltr' id='par_1_15' title="bbox 134 3198 1215 3455">
     <span class='ocr_line' id='line_1_34' title="bbox 175 3198 1215 3276; baseline -0.001 -17"><span class='ocrx_word' id='word_1_246' title='bbox 175 3200 318 3261; x_wconf 89' lang='lat' dir='ltr'>Nonnulli</span> <span class='ocrx_word' id='word_1_247' title='bbox 329 3201 380 3262; x_wconf 91' lang='lat' dir='ltr'>alii</span> <span class='ocrx_word' id='word_1_248' title='bbox 396 3207 602 3270; x_wconf 90' lang='lat' dir='ltr'>asseruerunt,</span> <span class='ocrx_word' id='word_1_249' title='bbox 616 3199 762 3276; x_wconf 89' lang='lat' dir='ltr'>Spiritum</span> <span class='ocrx_word' id='word_1_250' title='bbox 774 3204 908 3257; x_wconf 89' lang='lat' dir='ltr'>sanctum</span> <span class='ocrx_word' id='word_1_251' title='bbox 922 3202 1060 3255; x_wconf 90' lang='lat' dir='ltr'>auctores</span> <span class='ocrx_word' id='word_1_252' title='bbox 1078 3198 1117 3255; x_wconf 94' lang='lat' dir='ltr'>ab</span> <span class='ocrx_word' id='word_1_253' title='bbox 1132 3215 1215 3258; x_wconf 93' lang='lat' dir='ltr'>erro-</span> 
     </span>
     <span class='ocr_line' id='line_1_35' title="bbox 134 3280 1214 3364; baseline -0.003 -17"><span class='ocrx_word' id='word_1_254' title='bbox 134 3285 222 3348; x_wconf 78' lang='lat' dir='ltr'>ribus</span> <span class='ocrx_word' id='word_1_255' title='bbox 233 3288 401 3349; x_wconf 83' lang='lat' dir='ltr'>leuioribus</span> <span class='ocrx_word' id='word_1_256' title='bbox 419 3288 500 3348; x_wconf 90' lang='lat' dir='ltr'>haud</span> <span class='ocrx_word' id='word_1_257' title='bbox 517 3301 731 3364; x_wconf 83' lang='lat' dir='ltr'>praeservasse,</span> <span class='ocrx_word' id='word_1_258' title='bbox 748 3283 876 3359; x_wconf 85' lang='lat' dir='ltr'>illosque</span> <span class='ocrx_word' id='word_1_259' title='bbox 891 3280 1020 3341; x_wconf 91' lang='lat' dir='ltr'>humana</span> <span class='ocrx_word' id='word_1_260' title='bbox 1034 3281 1146 3342; x_wconf 89' lang='lat' dir='ltr'>divinis</span> <span class='ocrx_word' id='word_1_261' title='bbox 1163 3284 1214 3344; x_wconf 89' lang='lat' dir='ltr'>ad-</span> 
     </span>
     <span class='ocr_line' id='line_1_36' title="bbox 135 3368 976 3455; baseline -0.01 -17"><span class='ocrx_word' id='word_1_262' title='bbox 135 3375 303 3437; x_wconf 84' lang='lat' dir='ltr'>miscuisse.</span> <span class='ocrx_word' id='word_1_263' title='bbox 313 3374 402 3455; x_wconf 87' lang='lat' dir='ltr'>Quod</span> <span class='ocrx_word' id='word_1_264' title='bbox 417 3393 484 3436; x_wconf 89' lang='lat' dir='ltr'>cum</span> <span class='ocrx_word' id='word_1_265' title='bbox 500 3373 645 3435; x_wconf 90' lang='lat' dir='ltr'>Holdenii</span> <span class='ocrx_word' id='word_1_266' title='bbox 660 3372 805 3449; x_wconf 88' lang='lat' dir='ltr'>opinione</span> <span class='ocrx_word' id='word_1_267' title='bbox 819 3368 976 3430; x_wconf 89' lang='lat' dir='ltr'>coincidit.</span> 
     </span>
    </p>

    <p class='ocr_par' dir='ltr' id='par_1_16' title="bbox 134 3455 1214 3714">
     <span class='ocr_line' id='line_1_37' title="bbox 172 3455 1214 3541; baseline -0.006 -19"><span class='ocrx_word' id='word_1_268' title='bbox 172 3464 215 3522; x_wconf 85' lang='lat' dir='ltr'>At</span> <span class='ocrx_word' id='word_1_269' title='bbox 226 3480 289 3522; x_wconf 91' lang='lat' dir='ltr'>non</span> <span class='ocrx_word' id='word_1_270' title='bbox 305 3462 397 3541; x_wconf 77' lang='lat' dir='ltr'>digne</span> <span class='ocrx_word' id='word_1_271' title='bbox 413 3461 451 3522; x_wconf 92' lang='lat' dir='ltr'>de</span> <span class='ocrx_word' id='word_1_272' title='bbox 460 3463 524 3521; x_wconf 88' lang='lat' dir='ltr'>Deo</span> <span class='ocrx_word' id='word_1_273' title='bbox 540 3477 654 3521; x_wconf 86' lang='lat' dir='ltr'>summo</span> <span class='ocrx_word' id='word_1_274' title='bbox 669 3459 796 3537; x_wconf 91' lang='lat' dir='ltr'>provido</span> <span class='ocrx_word' id='word_1_275' title='bbox 812 3457 959 3535; x_wconf 81' lang='lat' dir='ltr'>cogitant,</span> <span class='ocrx_word' id='word_1_276' title='bbox 975 3456 1026 3534; x_wconf 87' lang='lat' dir='ltr'>qui</span> <span class='ocrx_word' id='word_1_277' title='bbox 1043 3455 1214 3516; x_wconf 82' lang='lat' dir='ltr'>existimant</span> 
     </span>
     <span class='ocr_line' id='line_1_38' title="bbox 134 3545 1212 3628; baseline -0.005 -18"><span class='ocrx_word' id='word_1_278' title='bbox 134 3546 221 3610; x_wconf 85' lang='lat' dir='ltr'>illurn</span> <span class='ocrx_word' id='word_1_279' title='bbox 240 3549 412 3628; x_wconf 79' lang='lat' dir='ltr'>hujusmodi</span> <span class='ocrx_word' id='word_1_280' title='bbox 439 3551 554 3627; x_wconf 78' lang='lat' dir='ltr'>legatos</span> <span class='ocrx_word' id='word_1_281' title='bbox 574 3548 722 3624; x_wconf 88' lang='lat' dir='ltr'>verbique</span> <span class='ocrx_word' id='word_1_282' title='bbox 746 3547 793 3607; x_wconf 91' lang='lat' dir='ltr'>sui</span> <span class='ocrx_word' id='word_1_283' title='bbox 816 3545 968 3606; x_wconf 91' lang='lat' dir='ltr'>ministros</span> <span class='ocrx_word' id='word_1_284' title='bbox 997 3546 1140 3623; x_wconf 82' lang='lat' dir='ltr'>elegisse,</span> <span class='ocrx_word' id='word_1_285' title='bbox 1161 3547 1212 3623; x_wconf 80' lang='lat' dir='ltr'>qui</span> 
     </span>
     <span class='ocr_line' id='line_1_39' title="bbox 134 3630 1211 3714; baseline -0.005 -17"><span class='ocrx_word' id='word_1_286' title='bbox 134 3632 208 3697; x_wconf 77' lang='lat' dir='ltr'>falsa</span> <span class='ocrx_word' id='word_1_287' title='bbox 224 3653 259 3698; x_wconf 90' lang='lat' dir='ltr'>ac</span> <span class='ocrx_word' id='word_1_288' title='bbox 269 3636 477 3714; x_wconf 84' lang='lat' dir='ltr'>heterogenca</span> <span class='ocrx_word' id='word_1_289' title='bbox 493 3635 606 3696; x_wconf 87' lang='lat' dir='ltr'>divinis</span> <span class='ocrx_word' id='word_1_290' title='bbox 617 3633 888 3710; x_wconf 77' lang='lat' dir='ltr'>infallibilibusque</span> <span class='ocrx_word' id='word_1_291' title='bbox 900 3630 1078 3692; x_wconf 89' lang='lat' dir='ltr'>veritatibus</span> <span class='ocrx_word' id='word_1_292' title='bbox 1088 3632 1211 3709; x_wconf 89' lang='lat' dir='ltr'>permis-</span> 
     </span>
    </p>
   </div>
   <div class='ocr_carea' id='block_1_4' title="bbox 134 3721 280 3785">
    <p class='ocr_par' dir='ltr' id='par_1_17' title="bbox 134 3721 280 3785">
     <span class='ocr_line' id='line_1_40' title="bbox 134 3721 280 3785; baseline -0.041 0"><span class='ocrx_word' id='word_1_293' title='bbox 134 3721 280 3785; x_wconf 70' lang='lat' dir='ltr'>missam.</span> 
     </span>
    </p>
   </div>
   <div class='ocr_carea' id='block_1_5' title="bbox 97 3798 1210 3997">
    <p class='ocr_par' dir='ltr' id='par_1_18' title="bbox 97 3798 1210 3997">
     <span class='ocr_line' id='line_1_41' title="bbox 119 3798 1210 3937; baseline -0.005 -65"><span class='ocrx_word' id='word_1_294' title='bbox 119 3820 134 3937; x_wconf 73' lang='lat' dir='ltr'>p</span> <span class='ocrx_word' id='word_1_295' title='bbox 170 3808 239 3871; x_wconf 80' lang='lat' dir='ltr'>Hoc</span> <span class='ocrx_word' id='word_1_296' title='bbox 253 3815 359 3869; x_wconf 87' lang='lat' dir='ltr'>nostro</span> <span class='ocrx_word' id='word_1_297' title='bbox 379 3823 443 3867; x_wconf 75' lang='lat' dir='ltr'>sevo</span> <span class='ocrx_word' id='word_1_298' title='bbox 461 3807 598 3866; x_wconf 89' lang='lat' dir='ltr'>nonnulli</span> <span class='ocrx_word' id='word_1_299' title='bbox 618 3798 771 3875; x_wconf 87' lang='lat' dir='ltr'>dubitant,</span> <span class='ocrx_word' id='word_1_300' title='bbox 788 3811 887 3863; x_wconf 79' lang='lat' dir='ltr'>rttrtrm</span> <span class='ocrx_word' id='word_1_301' title='bbox 899 3801 1068 3863; x_wconf 84' lang='lat' dir='ltr'>assistentia</span> <span class='ocrx_word' id='word_1_302' title='bbox 1082 3803 1210 3882; x_wconf 88' lang='lat' dir='ltr'>Spiritus</span> 
     </span>
     <span class='ocr_line' id='line_1_42' title="bbox 97 3887 1208 3997; baseline -0.006 -40"><span class='ocrx_word' id='word_1_303' title='bbox 97 3892 231 3997; x_wconf 56' lang='lat' dir='ltr'>ptati</span> <span class='ocrx_word' id='word_1_304' title='bbox 241 3893 282 3955; x_wconf 87' lang='lat' dir='ltr'>ad</span> <span class='ocrx_word' id='word_1_305' title='bbox 297 3893 513 3972; x_wconf 76' lang='lat' dir='ltr'>praecavendos</span> <span class='ocrx_word' id='word_1_306' title='bbox 524 3908 641 3997; x_wconf 74' lang='lat' dir='ltr'>errores</span> <span class='ocrx_word' id='word_1_307' title='bbox 651 3890 821 3950; x_wconf 75' lang='lat' dir='ltr'>riccessaria</span> <span class='ocrx_word' id='word_1_308' title='bbox 834 3891 873 3950; x_wconf 89' lang='lat' dir='ltr'>sit</span> <span class='ocrx_word' id='word_1_309' title='bbox 885 3887 1080 3964; x_wconf 86' lang='lat' dir='ltr'>scriptoribus</span> <span class='ocrx_word' id='word_1_310' title='bbox 1089 3888 1208 3952; x_wconf 90' lang='lat' dir='ltr'>histori-</span> 
     </span>
    </p>
   </div>
   <div class='ocr_carea' id='block_1_6' title="bbox 90 3990 1207 4167">
    <p class='ocr_par' dir='ltr' id='par_1_19' title="bbox 90 3990 1207 4167">
     <span class='ocr_line' id='line_1_43' title="bbox 90 3990 1207 4167; baseline -0.002 -92"><span class='ocrx_word' id='word_1_311' title='bbox 90 4040 99 4087; x_wconf 74' lang='lat' dir='ltr'>j.</span> <span class='ocrx_word' id='word_1_312' title='bbox 133 3990 247 4167; x_wconf 41' lang='lat' dir='ltr'>:lide</span> <span class='ocrx_word' id='word_1_313' title='bbox 257 4027 350 4074; x_wconf 80' lang='lat' dir='ltr'>lictclt.</span> <span class='ocrx_word' id='word_1_314' title='bbox 362 4025 419 4072; x_wconf 78' lang='lat' dir='ltr'>Can.</span> <span class='ocrx_word' id='word_1_315' title='bbox 430 4025 466 4072; x_wconf 85' lang='lat' dir='ltr'>Dc</span> <span class='ocrx_word' id='word_1_316' title='bbox 477 4025 523 4072; x_wconf 83' lang='lat' dir='ltr'>loc.</span> <span class='ocrx_word' id='word_1_317' title='bbox 534 4025 619 4073; x_wconf 85' lang='lat' dir='ltr'>Tbrol.</span> <span class='ocrx_word' id='word_1_318' title='bbox 630 4025 648 4071; x_wconf 91' lang='lat' dir='ltr'>l.</span> <span class='ocrx_word' id='word_1_319' title='bbox 659 4023 684 4071; x_wconf 68' lang='lat'>⁶2.</span> <span class='ocrx_word' id='word_1_320' title='bbox 695 4036 716 4072; x_wconf 89' lang='lat' dir='ltr'>c.</span> <span class='ocrx_word' id='word_1_321' title='bbox 730 4024 758 4070; x_wconf 77' lang='lat' dir='ltr'>lb</span> <span class='ocrx_word' id='word_1_322' title='bbox 769 4025 795 4070; x_wconf 86' lang='lat' dir='ltr'>ot</span> <span class='ocrx_word' id='word_1_323' title='bbox 806 4023 844 4069; x_wconf 80' lang='lat' dir='ltr'>tr.</span> <span class='ocrx_word' id='word_1_324' title='bbox 856 4021 930 4068; x_wconf 76' lang='lat' dir='ltr'>Calan.</span> <span class='ocrx_word' id='word_1_325' title='bbox 943 4020 1044 4070; x_wconf 83' lang='lat' dir='ltr'>Disscrl.</span> <span class='ocrx_word' id='word_1_326' title='bbox 1059 4021 1089 4070; x_wconf 88' lang='lat' dir='ltr'>dc</span> <span class='ocrx_word' id='word_1_327' title='bbox 1104 4022 1170 4073; x_wconf 78' lang='lat' dir='ltr'>libr.</span> <span class='ocrx_word' id='word_1_328' title='bbox 1180 4025 1207 4074; x_wconf 75' lang='lat' dir='ltr'>S·</span> 
     </span>
     <span class='ocr_line' id='line_1_44' title="bbox 90 4094 356 4148; baseline 0.015 -7"><span class='ocrx_word' id='word_1_329' title='bbox 90 4128 94 4141; x_wconf 90' lang='lat'>.</span> <span class='ocrx_word' id='word_1_330' title='bbox 207 4094 356 4148; x_wconf 64' lang='lat' dir='ltr'>adil’ctri·</span> 
     </span>
    </p>
   </div>
   <div class='ocr_carea' id='block_1_7' title="bbox 90 4236 135 4497">
    <p class='ocr_par' dir='ltr' id='par_1_20' title="bbox 90 4236 135 4497">
     <span class='ocr_line' id='line_1_45' title="bbox 97 4236 101 4251; baseline 0 0"><span class='ocrx_word' id='word_1_331' title='bbox 97 4236 101 4251; x_wconf 84' lang='lat' dir='ltr'>l</span> 
     </span>
     <span class='ocr_line' id='line_1_46' title="bbox 90 4258 123 4301; baseline 0 0"><span class='ocrx_word' id='word_1_332' title='bbox 90 4258 123 4301; x_wconf 72' lang='lat' dir='ltr'>ri</span> 
     </span>
     <span class='ocr_line' id='line_1_47' title="bbox 115 4378 123 4391; baseline 0 0"><span class='ocrx_word' id='word_1_333' title='bbox 115 4378 123 4391; x_wconf 72' lang='grc'>1</span> 
     </span>
     <span class='ocr_line' id='line_1_48' title="bbox 100 4424 120 4449; baseline 0 0"><span class='ocrx_word' id='word_1_334' title='bbox 100 4424 120 4449; x_wconf 73' lang='grc' dir='ltr'>’μ’</span> 
     </span>
     <span class='ocr_line' id='line_1_49' title="bbox 130 4474 135 4497; baseline 0 0"><span class='ocrx_word' id='word_1_335' title='bbox 130 4474 135 4497; x_wconf 82' lang='lat' dir='ltr'>l</span> 
     </span>
    </p>
   </div>
   <div class='ocr_carea' id='block_1_8' title="bbox 0 0 1358 4846">
    <p class='ocr_par' dir='ltr' id='par_1_21' title="bbox 0 0 1358 4846">
     <span class='ocr_line' id='line_1_50' title="bbox 0 0 1358 4846; baseline 0 4"><span class='ocrx_word' id='word_1_336' title='bbox 0 0 1358 4846; x_wconf 95' lang='lat' dir='ltr'> </span> 
     </span>
    </p>
   </div>
  </div>
 </body>
</html>
