2708 4846
491 190 679 243 ttnaouult
693 190 892 243 sacacium.
1185 190 1230 239 lb}

185 276 434 357 inumbratum
444 280 504 345 hec
516 286 694 347 estomnino
707 284 986 347 exuaordinarium.
1000 283 1083 347 Deus
1094 282 1175 345 liber
1184 290 1230 345 est

100 428 110 457 ÷
186 366 345 431 aldelmcto
356 370 487 433 dandam
498 370 623 432 lormam
634 388 872 451 quamcumque:
887 370 1024 433 naturale
1032 377 1134 433 autem
1146 378 1228 442 erat,

185 454 318 517 uldamuel
332 463 493 537 appareret
506 457 562 518 sub
574 457 683 528 torma,
698 475 788 536 quam
799 458 885 519 vivus
898 457 1055 520 habuerat.

100 546 107 621 j
208 536 233 599 i·
239 542 315 605 linis
328 543 525 624 apparitionis
547 544 693 605 Samuelis
711 552 776 604 erat
792 544 874 606 Sauli
890 545 1028 605 ultimum
1042 544 1115 607 dare
1130 544 1230 605 moni-

100 630 109 639 '
181 628 240 697 lun,
254 644 366 707 quoae,
376 646 444 689 suos
456 626 547 700 lilios,
558 631 760 709 populumque
772 630 969 693 israeliticum
979 631 1094 693 salvare
1110 638 1228 711 posset,

180 710 294 797 silvellet·
318 715 350 775 Si
368 714 439 774 sard
458 715 559 775 audito
581 718 719 778 Samuele
740 718 823 778 illico
841 734 969 797 regnum
987 736 1073 779 suum
1091 719 1229 779 cessisset

100 802 103 863 ζ
178 793 276 873 buti,
295 801 434 879 quicum
452 801 636 865 Philisthaeis
658 811 739 876 crat,
765 805 973 882 voluntatique
996 805 1054 864 Dei
1072 821 1106 866 sc
1127 804 1228 883 subje-

177 884 259 959 eset,
275 888 455 960 intortrmia,
474 906 541 968 quae
558 890 619 961 illi,
631 892 693 953 suis
709 889 780 952 liliis
798 899 830 953 et
848 891 993 953 israelitis
1012 891 1226 964 imminebant,

175 975 310 1037 avenimct
326 976 346 1032 ¹.

170 1114 253 1187 Μ’.
263 1149 293 1162 -·
302 1124 395 1175 (iorem
407 1123 532 1185 melchon,
545 1124 611 1187 regis
621 1126 743 1174 babbatb.
759 1127 845 1188 capilli
862 1127 996 1177 amalonis.
1008 1128 1058 1179 Dos
1071 1127 1172 1178 Davidlo
1180 1140 1226 1191 pro

504 1200 601 1248 blicbol.
613 1202 692 1250 Pestis
706 1202 752 1251 sub
762 1202 868 1251 Davide.

191 1334 257 1393 led.
269 1334 297 1392 ll
314 1334 391 1415 Reg.
406 1332 452 1405 li,
465 1332 503 1394 50
515 1340 547 1394 et
559 1336 572 1392 l
585 1335 680 1395 Paral.
691 1337 846 1416 blegitur,
863 1337 1010 1399 Davidem
1023 1338 1136 1401 devicti
1146 1338 1226 1399 blel-

159 1416 238 1491 cbou,
251 1419 333 1499 regis
344 1420 584 1480 ammonitarum
596 1421 628 1481 in
637 1422 787 1494 Rabbatb
799 1440 941 1485 coronam
949 1440 1071 1484 auream
1081 1424 1225 1505 ponderis

157 1508 269 1575 talenti,
282 1507 341 1569 boc
354 1514 400 1569 est
410 1507 543 1586 plurium
555 1507 716 1579 librarum,
732 1511 824 1590 capiti
838 1528 892 1570 suo
905 1511 1093 1583 imposuisse.

185 1598 297 1659 verina
306 1612 418 1657 corona
428 1596 533 1671 isthaec
544 1596 636 1675 capiti
643 1597 765 1674 proprie
776 1596 917 1675 imposita
928 1598 1060 1668 nonfuit,
1071 1597 1124 1659 sed
1134 1614 1224 1678 super

150 1684 221 1747 illud
237 1692 360 1746 ornatus
375 1700 462 1745 causa
480 1685 513 1743 in
531 1683 640 1744 throno
657 1684 742 1762 regio
758 1699 901 1761 suspensa
917 1684 987 1757 fuit,
1005 1691 1095 1763 prout
1106 1686 1223 1763 antiqui

149 1788 225 1853 saepe
236 1774 338 1835 iacere
353 1771 491 1832 solebant
503 1770 526 1830 ².

182 1860 208 1920 ll
222 1860 298 1938 lleg.
311 1857 358 1927 lt,
367 1856 541 1917 ibrelcrtur
550 1856 589 1917 de
597 1856 715 1938 capillis
724 1855 899 1919 Absalonis:
910 1856 1064 1935 «Quando
1075 1856 1222 1918 tondebat

147 1945 317 2026 scapillnm
331 1941 437 2020 (semel
452 1950 553 2003 autem
564 1943 597 2003 in
610 1961 688 2004 anno
701 1942 898 2016 tondebatur,
914 1943 983 2023 quia
995 1943 1139 2023 gravabat
1152 1961 1222 2003 eum

146 2030 325 2105 ammes)
338 2028 524 2108 ponderabat
535 2031 660 2110 capillos
670 2029 777 2107 capitis
788 2030 835 2089 sui
845 2029 983 2091 ducentis
994 2030 1075 2091 siclis
1084 2029 1221 2109 pondere

146 2138 162 2177 a
235 2117 305 2177 lico.
322 2135 339 2172 n

172 2116 324 2265 111(υέΜώΙί
330 2199 503 2261 existimant
509 2200 682 2262 hebraicam
693 2203 824 2264 litteram
834 2202 934 2275 Roscii,
943 2204 1165 2283 qurevalctidd
1180 2204 1220 2265 ab

144 2289 319 2351 amanuensi
336 2288 526 2348 substitutam
545 2288 637 2349 tuisse
649 2289 759 2350 litterae
773 2290 869 2368 Copb,
889 2308 955 2368 quac
968 2292 1112 2363 valette,
1126 2292 1168 2351 ita
1186 2300 1220 2353 ut

144 2374 246 2455 capilli
257 2372 420 2435 Absalonis
431 2371 631 2433 bddumtaxat
642 2375 724 2434 siclis
733 2375 959 2454 ponderasscnt.

177 2462 313 2531 Tirinus,
323 2446 541 2519 Weitcnauer⁵
551 2476 586 2521 ac
594 2460 730 2520 nonnulli
743 2460 796 2520 alii
806 2478 874 2520 cum
881 2462 1029 2522 babbinis
1039 2461 1218 2539 quibusdam

143 2554 311 2617 autumant,
328 2545 384 2607 200
402 2546 475 2606 istos
490 2544 579 2606 siclos
601 2562 666 2606 csso
687 2546 821 2606 valorem
844 2547 1020 2627 capillormn
1039 2547 1215 2619 absalonis,

143 2652 207 2697 non
224 2633 357 2715 pondns3
372 2633 414 2691 ita
431 2637 466 2691 ut
481 2631 570 2691 aulici
589 2631 750 2692 Absalonis
761 2632 852 2693 hosce
868 2632 1004 2709 capillos,
1019 2650 1094 2710 quos
1107 2632 1218 2693 eoloris

143 2717 443 2799 ssavi,apudludaeos
451 2717 522 2785 rari,
530 2715 620 2776 luisse
627 2717 809 2786 existimant,
817 2716 1027 2777 vendidissent
1039 2716 1217 2778 mulieribus

143 2804 418 2884 hierosolymitanis
428 2804 482 2863 200
496 2802 578 2863 siclis
594 2802 632 2861 ad
645 2803 768 2879 capillos
780 2804 903 2863 lictitios
918 2803 989 2862 inde
1005 2802 1214 2865 edormandos.

180 2893 382 2955 verisimilius
395 2897 441 2950 est
456 2890 537 2968 quod
550 2897 655 2949 tenent
668 2889 811 2948 Pellctiee
828 2897 860 2947 et
872 2878 1018 2957 Calmet⁴,
1037 2888 1126 2948 siclos
1144 2890 1216 2950 istos

141 2978 618 3059 nontuissepondushebraicum,
629 2975 1100 3054 schabylonicumjuxtaquod
1112 2984 1216 3035 auctor

140 3070 289 3131 librorum
303 3068 436 3145 Regum,
455 3064 508 3142 qui
528 3072 664 3143 tempore
678 3062 860 3142 captivitatis
876 3060 1066 3139 babyloniae
1078 3062 1213 3140 scripsit,

141 3154 269 3235 capillos
292 3150 453 3213 absalonis
470 3151 645 3220 aestimavit,
660 3157 694 3209 ut
715 3148 791 3208 adeo
810 3156 874 3209 tota
895 3146 1056 3208 Absalonis
1077 3147 1215 3208 caesaries

140 3239 229 3303 simul
237 3234 586 3319 ponderaritddcireiter
594 3236 697 3296 uncias
709 3235 842 3313 gallicas.
853 3234 941 3310 Quod
948 3234 1072 3295 minime
1080 3231 1214 3293 incredi-

140 3326 268 3394 bilecst‚
278 3340 346 3385 erun
355 3322 545 3401 reperiantur
552 3321 704 3389 mulieres,
713 3320 880 3400 prasertim
887 3320 1213 3394 inflelvetiaquaeoae-

139 3410 659 3489 rariemmultogravioremgestant.
669 3408 803 3469 Dicimus
811 3407 1060 3468 totomAbsolonis
1067 3407 1213 3467 caesort'em

166 3550 253 3613 'leue
262 3549 320 3599 ilat.
331 3546 416 3607 Alex„
428 3546 448 3595 t.
458 3557 503 3608 ur,
514 3545 577 3594 llist.
593 3546 700 3607 becles,
713 3544 810 3595 dissert.
821 3545 866 3607 π,
881 3545 946 3594 Edit.
957 3544 1070 3606 ltinqcns.
1084 3544 1119 3593 be
1133 3545 1212 3607 ltrnn,

135 3622 320 3685 iliatffitiquc
330 3618 375 3669 des
384 3620 471 3680 pratiq.
485 3620 590 3679 supersi.
605 3620 711 3681 (Ialmet,
725 3620 821 3667 dissert.
833 3632 876 3669 sur
891 3619 1013 3681 l'apparit.
1024 3618 1056 3665 de
1066 3618 1172 3667 Samuel.
1182 3638 1212 3655 -

135 3690 219 3745 ’Vide
235 3694 346 3750 laven,
356 3688 407 3736 Sat.
420 3690 449 3736 lo
459 3690 485 3737 ct
494 3689 638 3736 Athenaeum
647 3689 811 3750 bipnosopb.‚
824 3688 869 3735 lib.
881 3690 909 3748 o,
922 3700 975 3747 cap.
984 3686 1009 3734 8.
1019 3682 1173 3736 -3Τίιιιιιιι
1182 3700 1211 3737 ae

136 3762 301 3825 Ueltenauer
310 3761 339 3808 in
346 3758 369 3805 ll
378 3759 438 3819 lien.
447 3759 489 3819 rt,
496 3755 715 3821 au-lrolletter,
726 3759 801 3821 Epist.
812 3758 930 3817 adllequ.
941 3758 1060 3815 amicum,
1071 3770 1129 3807 aun.
1142 3760 1210 3813 1702.

131 3826 636 3901 amusementnunennas.
719 3863 722 3867 .
