2708 4846
150 277 198 329 180
551 268 825 328 na'nuraanrrl

149 385 187 431 eo
199 368 280 446 quod
291 366 330 430 ad
345 362 565 431 successionem
577 368 817 431 Patriarcbarum
827 384 891 430 non
905 366 1070 442 iaciebant,
1085 368 1167 448 qnod
1177 376 1255 435 001

148 455 358 518 verisimilius:
369 475 385 520 0
395 455 462 515 Νο0
470 453 531 526 blo,
541 455 583 515 ait
592 457 623 517 S.
635 455 1033 535 Augustinus,primogeniti
1042 452 1100 515 filii
1112 472 1255 518 100010-

148 561 165 600 a
179 542 236 601 rati
249 549 327 615 sunt,
337 541 392 602 sed
405 559 480 618 quos
490 543 687 604 successionis
701 542 774 602 ordo
783 540 1055 619 (Potniai-chanun)
1068 542 1255 620 poseehaffi

148 648 165 686 0
178 638 212 689 01
221 630 431 708 perveniretur
443 628 481 689 ad
492 630 576 701 Noe,
593 646 682 707 aquo
696 646 801 704 rursus
818 628 1246 703 0001000000οινὶοθοιοι

147 735 165 775 a
178 732 244 781 0000
256 722 436 797 perventimn
447 715 469 776 ¹.

321 850 419 917 SXXM
430 853 506 902 -De
517 851 659 901 fundatione
671 864 815 914 regnorum,
827 852 853 902 ct
863 851 895 900 00
905 851 1043 900 salestina.

182 970 252 1032 teo.
263 970 328 1051 obj.
340 971 460 1049 Moyses
472 969 593 1040 scribit,
605 969 689 1029 aiunt
701 969 812 1030 Deistae
828 967 982 1047 (00010,
996 967 1056 1044 03),
1070 968 1224 1042 10010οι

145 1056 258 1136 Phaleg
271 1057 325 1117 100
336 1057 459 1118 circiter
471 1074 549 1117 anno
561 1063 629 1136 post
640 1055 788 1115 diluvium
800 1055 879 1125 nati,
893 1055 1019 1114 01010001
1030 1072 1091 1116 esse
1103 1062 1226 1135 1οποη
1233 1100 1242 1131 a

144 1145 177 1205 id
190 1153 236 1206 est
246 1144 438 1205 fundamenta
450 1145 601 1204 variorum
612 1159 783 1222 regnorum,
797 1150 830 1201 ut
843 1142 1046 1218 Assyriorum,
1059 1145 1220 1225 AEgyptiot
1236 1174 1241 1191 ·

144 1247 225 1300 rum,
238 1237 309 1299 etc,
320 1228 400 1305 J'aeta
412 1246 489 1290 esse.
503 1230 563 1289 Sed
577 1237 638 1289 tarn
651 1230 759 1307 exiguo
772 1235 841 1307 post
860 1228 1007 1288 diluvium
1027 1236 1166 1309 tempore
1176 1234 1234 1299 tw

143 1312 283 1375 homines
295 1314 424 1375 existere
436 1331 497 1374 non
511 1321 665 1394 poterant,
677 1314 715 1375 ad
728 1314 811 1373 varia
822 1313 875 1372 illa
887 1329 981 1392 regna
994 1314 1178 1393 incipienda

179 1400 211 1462 0ο
231 1402 351 1479 Moyses
371 1400 480 1477 (Deut.
496 1401 545 1471 ll,
557 1399 645 1475 010)
664 1400 703 1460 00
717 1399 875 1459 Palaestina
888 1407 920 1458 ut
933 1398 972 1459 de
992 1400 1121 1478 regione
1139 1400 1218 1461 lerti-

143 1486 255 1548 lissima
273 1487 423 1565 loquitur;
445 1492 562 1546 constat
574 1503 647 1547 vero
660 1486 747 1545 istam
766 1485 924 1566 regionem
946 1487 1069 1545 omnino
1089 1486 1212 1547 sterilem

143 1590 263 1733 essliiesp.
276 1652 395 1732 Moyses
408 1651 586 1732 simpliciter
598 1652 715 1723 scribit,
729 1652 809 1731 quod
822 1650 928 1711 Heben
939 1649 1034 1711 salitam
1046 1670 1134 1713 sutum
1143 1654 1212 1716 Pha-

140 1743 193 1821 leg
204 1759 258 1804 000
271 1740 439 1800 divisionem
451 1739 616 1809 vocaverit,
626 1757 661 1800 eo
676 1739 755 1817 quod
768 1737 832 1816 ejus
844 1746 980 1819 tempore
989 1738 1100 1799 Noemi
1109 1743 1211 1821 posteri

140 1832 179 1892 ad
199 1829 406 1891 contusionem
421 1827 592 1887 babelicam
611 1827 644 1886 in
662 1828 760 1888 varias
772 1835 860 1887 terrae
877 1827 980 1905 plagas
992 1825 1124 1906 dispersi
1141 1837 1210 1891 sunt

142 1917 208 1975 Non
224 1931 298 1974 vero
311 1919 428 1982 narrat,
449 1910 542 1971 hosce
561 1912 668 1971 Nocmi
690 1919 825 1990 posteros
838 1910 900 1989 jam
917 1919 981 1971 tum
1001 1928 1112 1993 magna
1128 1926 1220 1996 regna·

141 2001 341 2064 constituisse.
355 1999 403 2058 nd
416 1999 537 2075 exiguas
549 1999 688 2058 nationes
701 1999 732 2058 in
745 2000 837 2059 variis
850 2007 937 2058 terrae
950 1998 1048 2078 plagis
1061 2000 1213 2063 efformar-

142 2088 204 2157 das,
219 2104 285 2164 quoe
298 2091 403 2163 postea
415 2084 499 2144 varia
512 2098 605 2161 regna
618 2082 794 2155 effecerunt,
808 2085 999 2147 tothomines
1011 2085 1214 2166 protectorer

140 2172 381 2250 requirebantur.

175 2258 233 2318 Ast
258 2255 373 2316 calculo
397 2254 474 2314 inito
486 2253 587 2334 plures
605 2255 814 2334 reperiuntur,
832 2275 920 2335 quam
938 2260 1105 2320 necessarii
1123 2268 1215 2323 crant

140 2346 286 2406 Ponamus
300 2342 381 2402 enim
401 2341 476 2402 duos
488 2339 565 2402 filios
581 2340 690 2401 Noemi
703 2342 740 2402 00
760 2360 837 2404 0000
850 2353 918 2425 post
931 2345 1081 2406 diluuium
1093 2346 1133 2408 00
1144 2344 1218 2410 filios

140 2431 289 2501 habuisse,
308 2427 422 2505 hosque
448 2434 480 2488 et
504 2445 609 2488 eorum
621 2436 757 2508 posteros
777 2431 910 2509 singulos
928 2449 945 2491 0
964 2431 1001 2491 00
1020 2434 1120 2494 aetatis
1142 2450 1217 2495 anuo

140 2534 194 2595 per
213 2515 248 2576 10
264 2513 449 2576 solummodo
470 2530 563 2574 annos
578 2515 738 2592 quotannis
750 2517 872 2577 amicum
889 2518 1087 2596 progenuisse
1107 2517 1217 2593 filium3

140 2602 193 2663 100
207 2619 284 2662 0000
300 2608 369 2680 post
385 2599 533 2659 diluvium
550 2600 720 2661 extitissent
738 2602 893 2681 plusquam
910 2601 1033 2672 000000
1050 2602 1218 2667 hominum.

140 2689 322 2768 Hypothesis
338 2687 493 2766 adsumpta
504 2687 659 2747 moderata
673 2695 718 2748 est
732 2708 739 2746 :
754 2706 824 2748 nam
837 2708 897 2749 non
911 2689 1042 2751 attendit
1052 2690 1217 2753 multorum

139 2775 354 2855 polygamiam,
366 2775 514 2832 Noemum
531 2779 562 2833 ct
576 2773 697 2832 tertium
714 2772 778 2852 ejus
796 2772 910 2847 filium,
931 2793 1097 2855 omnesque
1116 2795 1221 2840 eorum

138 2869 289 2940 posteros,
303 2859 340 2919 00
353 2859 589 2939 compensandos
601 2866 744 2919 mortuos.

172 2947 205 3007 2⁰
216 2949 337 3025 Moyses
344 2946 448 3023 utique
461 2945 500 3005 dc
513 2945 666 3016 Chanaam
678 2963 732 3007 000
744 2946 955 3017 Palaestinam
968 2946 1007 3008 00
1018 2948 1151 3028 regione
1162 2948 1220 3012 fer·

138 3034 273 3094 tilissima
290 3033 436 3108 loquitur;
460 3050 565 3091 ycrum
583 3050 644 3091 non
666 3033 763 3092 solum
784 3034 848 3102 illc,
861 3033 914 3093 scd
933 3042 963 3094 et
983 3033 1035 3093 alii
1055 3035 1220 3116 scriptores

136 3120 213 3179 sacri
226 3126 258 3178 01
276 3117 392 3196 profani
409 3117 596 3179 fertilitatem
612 3116 694 3178 illius
715 3119 849 3197 regionis
871 3126 1033 3191 testantur,
1047 3128 1082 3182 ut
1102 3120 1218 3196 David,

136 3203 289 3274 Salomon,
306 3202 470 3271 ieremias,
485 3203 643 3263 Hecataeus
654 3203 819 3274 Abderita,
839 3203 883 3263 ll.
898 3207 1066 3287 Josephus,
1081 3208 1219 3280 Tacitus,

136 3289 341 3358 Plinius,'etc.
350 3304 359 3357 ;
382 3293 412 3346 et
428 3304 517 3346 nemo
534 3287 594 3348 uisi
612 3288 645 3348 in
661 3290 787 3350 historia
803 3290 893 3370 plane
910 3291 994 3353 rudis
1011 3292 1217 3367 fertilitatem,

135 3376 398 3451 amoenitatemque
412 3373 563 3449 antiquam
577 3375 743 3437 Palaestina
756 3377 896 3456 ignorare
909 3385 1019 3459 potest.
1032 3379 1115 3440 Male
1128 3397 1217 3461 argn-

136 3469 300 3533 mentatur,
314 3460 364 3538 qui
381 3476 398 3519 a
416 3466 495 3518 statu
512 3464 653 3537 praesenti
673 3464 759 3525 istius
777 3465 912 3543 regionis
924 3466 961 3526 00
975 3467 1140 3545 pristinum
1153 3467 1218 3547 ejus

136 3549 243 3605 statum
261 3544 424 3606 concludit.
438 3545 594 3607 Palaestina
616 3547 709 3609 hodie
726 3550 869 3627 equidem
883 3549 949 3610 iere
962 3558 1008 3613 est
1020 3552 1150 3627 sterilis,
1162 3554 1219 3617 sed

136 3641 297 3694 noscuntur
317 3649 413 3694 causae
432 3633 518 3697 istius
537 3636 752 3698 immutationis
771 3657 778 3695 :
797 3639 854 3698 ista
872 3638 954 3697 enim
977 3639 1063 3720 regio
1084 3642 1219 3719 posteris

124 3803 126 3807 y
138 3720 320 3796 temporibus
331 3719 445 3799 pluries
457 3719 611 3782 devastata
621 3721 687 3795 suit,
700 3728 734 3782 ut
745 3740 763 3784 0
773 3723 965 3802 Babyloniis,
978 3727 1148 3807 AEgyptiis,
1160 3728 1217 3807 Sy-

138 3799 189 3872 ris,
196 3802 349 3880 Romanis,
361 3806 518 3868 Saracenis
530 3813 561 3867 01
573 3808 734 3901 Arabibus,
745 3809 868 3890 ejusque
878 3811 994 3897 cultum
1003 3819 1068 3887 tama
1078 3818 1217 3894 tempore

168 3911 415 3983 1000100000.
426 3921 601 3986 000100.
613 3925 653 3977 ro.
