2716 4838
488 451 675 502 itanuautt
693 453 888 503 saeuum.
1183 455 1225 508 ΙῺΙ

182 541 213 603 Y
224 543 315 622 Quod
328 542 423 623 stylus
436 550 468 604 et
485 544 617 605 elocutio
635 545 667 604 in
677 543 746 605 aliis
768 543 908 625 Apostoli
919 544 1064 625 Epistulis
1088 544 1227 611 diiiarani

154 624 248 706 astyio
262 635 295 688 et
304 628 478 689 elocutione
490 628 579 708 hujus
591 629 745 708 Epistulas.

179 713 210 774 δ’
218 713 312 792 Quod
326 714 429 793 lingua
439 730 540 792 graeca
553 712 642 792 hujus
654 712 798 794 Epistulas
808 713 905 793 magis
916 713 1089 781 accedunt!
1096 729 1230 795 gruum

151 795 256 860 idioma
270 799 405 860 Actmrm
417 799 632 878 Apostolorum
644 799 750 869 Lucae,
772 815 863 877 quam
882 798 928 878 ad,
943 799 1077 880 linguam
1098 817 1229 882 paucam

150 883 345 964 Epistularum
356 884 453 944 Pauli.

273 1012 280 1025 ·
433 1002 451 1071 s
467 1012 589 1064 ccxxvi
599 1039 630 1052 -
640 1010 935 1065 mruuommrnatm

175 1130 251 1191 ⁴78.
264 1133 382 1191 veram
393 1132 528 1191 rationes
541 1131 607 1191 istae
621 1131 842 1190 intentumnun
856 1128 1010 1193 evincant.
1024 1127 1113 1195 iduiti
1126 1129 1227 1196 bubni

144 1216 311 1300 Epistulam
337 1217 427 1277 istam
452 1216 544 1276 Paulo
571 1214 761 1293 abjudicasse
784 1213 944 1287 uidentur,
965 1217 1046 1295 quod
1067 1218 1228 1281 Novatiani

143 1305 251 1368 wcuio
264 1303 357 1365 tertiu
371 1319 409 1362 ex
420 1302 500 1362 male
514 1301 677 1362 intellectis
687 1301 837 1382 capitibus
853 1300 914 1362 bet
930 1302 966 1363 i0
975 1320 1045 1365 suus
1059 1319 1178 1366 errores
1189 1305 1228 1368 de

139 1390 323 1472 poenitcntia
332 1387 488 1448 adstruere
507 1393 704 1458 conarentur,
727 1394 759 1446 et
778 1384 885 1448 Ariani
901 1386 1011 1449 saecrdu
1029 1396 1137 1466 quarto
1152 1407 1229 1452 nun·

140 1476 235 1536 nuliis
247 1474 447 1535 abuterentur
457 1472 495 1533 ad
505 1489 589 1532 suam
600 1472 742 1532 lraeresim
753 1472 834 1533 circa
844 1471 1036 1533 divinitatem
1044 1476 1075 1534 d.
1089 1473 1125 1536 C.
1136 1476 1228 1537 stabi·

137 1560 289 1623 ilerdam.
317 1559 410 1619 Hisce
433 1558 544 1617 iactum
567 1556 709 1626 videtin,
734 1564 767 1616 ut
788 1557 923 1636 Epistola
944 1556 1051 1620 istbaec
1075 1561 1228 1625 nonnuliis

136 1646 260 1708 Latinis
272 1649 413 1723 suspecta
423 1642 579 1703 videretur
594 1641 620 1713 ¹;
635 1648 681 1702 ast
692 1640 757 1703 haec
769 1643 901 1720 suspicio
917 1659 987 1704 cum
1000 1644 1109 1707 meniu
1122 1646 1229 1724 quinto

137 1730 335 1876 Ἢειιι
343 1812 455 1892 positio
465 1810 598 1873 numinis
609 1809 696 1874 Pauli
711 1808 835 1889 ejusque
849 1805 987 1881 salutatio
1001 1807 1033 1872 in
1043 1808 1143 1876 fronte
1158 1814 1228 1896 Epi·

135 1902 225 1967 stolae
233 1917 298 1961 nun
310 1905 380 1958 suat
390 1898 510 1975 signnm
520 1896 797 1965 characteristicum
806 1894 1009 1975 Epistularum
1020 1899 1228 1975 Paulinianum,

134 1988 196 2052 aad
206 1984 349 2048 sanatio
362 1983 395 2042 in
408 1983 509 2060 aliqua
522 1990 608 2062 parte
621 1980 816 2060 Epistolmmt
827 1980 990 2057 Apostolus
1003 1981 1069 2062 ipsc
1081 1992 1168 2047 notat
1178 1988 1190 2064 (
1200 1988 1228 2048 ll

133 2074 245 2138 m
257 2070 295 2140 ὅ,
307 2070 363 2146 it)
378 2088 385 2128 :
401 2088 417 2126 c
435 2067 582 2128 salutatio
591 2084 661 2127 mea
678 2070 770 2127 manu
786 2064 887 2133 Pauli,
901 2065 983 2143 quod
1000 2069 1176 2149 estsignrun
1196 2073 1229 2134 in

136 2181 159 2219 a
171 2158 255 2219 omni
266 2154 409 2237 epistola,
420 2153 463 2213 ita
475 2152 588 2214 scribo.
601 2174 617 2208 a
629 2151 715 2212 Pauli
724 2159 825 2212 autem
839 2150 979 2211 salutatio
991 2152 1032 2213 ad
1049 2151 1142 2217 iinem
1156 2157 1229 2237 Epi·

137 2244 229 2307 stota
238 2241 431 2304 adilebraeus
443 2238 603 2318 reperitur.
736 2249 741 2261 ·

179 2327 269 2389 llatiu
285 2342 340 2387 cam
360 2319 469 2384 Patrius
486 2340 598 2382 numen
616 2337 701 2384 suum
720 2320 753 2381 ia
778 2318 877 2382 ironte
898 2314 987 2399 hujus
1005 2321 1148 2402 Epistola
1167 2341 1241 2397 nun.

128 2415 265 2509 posuit,
278 2411 400 2473 videtur
414 2426 480 2470 esse
514 2408 596 2487 quod
608 2409 745 2490 prumme
759 2408 904 2470 Gentiana
917 2415 998 2471 emet
1007 2412 1170 2490 Apostolus
1179 2455 1188 2484 ‚
1198 2419 1229 2475 ci

136 2520 203 2564 nun
216 2500 433 2567 Hebraeorum,
447 2504 479 2555 et
497 2492 579 2573 qaod
593 2495 689 2555 nollet
705 2495 817 2555 multus
831 2495 955 2557 Judaeos
964 2495 1159 2569 christianus,
1176 2498 1229 2578 qui

136 2589 188 2651 illi
200 2583 283 2647 band
295 2584 452 2654 avebant,
469 2598 527 2661 per
538 2581 721 2659 positionem
731 2579 780 2641 sui
791 2580 923 2641 nominis
937 2581 970 2639 in
987 2581 1140 2663 principio
1158 2585 1230 2664 Epi·

135 2672 229 2737 sluiae
240 2671 280 2732 ab
294 2669 358 2747 ejus
367 2667 501 2728 lectione
510 2673 662 2725 avertere.

177 2756 213 2819 Υ
225 2753 404 2817 Didcrentia
417 2750 488 2830 styli
498 2757 530 2810 et
542 2746 738 2815 elocutionis,
750 2761 819 2822 quae
832 2744 999 2805 interbanc
1012 2751 1044 2806 et
1059 2745 1134 2808 alias
1155 2749 1229 2828 Epi·

137 2844 235 2909 stolas
246 2840 333 2903 Pauli
346 2839 514 2918 reperitur,
527 2833 624 2895 oritur
636 2831 763 2900 exinde,
775 2828 857 2907 quod
868 2829 1005 2911 Epistola
1016 2829 1082 2894 haec
1094 2828 1230 2912 originu-

137 2940 234 2995 tcnus
246 2927 358 3005 scripta
370 2926 409 2985 sit
422 2924 568 2983 hebraice
580 2937 634 2982 seu
648 2914 907 2998 syro-chaldaice,
922 2915 994 2978 dum
1007 2917 1075 2979 aliae
1086 2906 1229 3000 Epistulae

138 3030 246 3101 graece
266 3018 397 3074 exaratas
413 3014 496 3078 sunt,
511 3007 553 3066 ita
572 3011 606 3065 ut
619 3011 717 3065 textus
731 3016 848 3080 grauem
865 3001 1009 3082 Epistulae
1030 3000 1070 3064 ad
1081 3003 1230 3069 Habraeuo

138 3098 257 3165 mosis
268 3097 328 3159 nisi
346 3094 447 3157 versio
459 3099 560 3153 textus
573 3086 747 3169 originari13
760 3101 869 3164 magna
881 3092 981 3146 autem
997 3086 1170 3151 anemoria
1180 3096 1230 3154 ea
1286 3097 1290 3103 '

138 3186 227 3249 inter
237 3184 374 3262 linguam
383 3178 580 3257 originariam
590 3173 717 3253 alicujus
726 3169 831 3249 scripti
844 3169 966 3231 etinter
977 3170 1159 3233 versionem.

176 3270 214 3335 ὖ·
232 3268 372 3333 Aiiinitas
392 3282 466 3327 suro
492 3261 641 3325 versionis
663 3273 769 3338 graecae
783 3255 873 3334 hujus
887 3256 1030 3336 Epistulae
1044 3273 1114 3317 cum
1124 3257 1229 3339 lingna

137 3372 245 3441 μοι
262 3352 394 3418 actuum
413 3350 626 3431 Apostolorum
639 3347 759 3421 obtinet
788 3344 875 3422 quia,
889 3351 923 3404 ut
937 3341 1001 3422 jam
1016 3342 1091 3405 olim
1102 3344 1229 3409 tradidit

137 3444 288 3517 mens
310 3441 400 3502 Alex.
425 3438 454 3508 ¹,
480 3438 594 3515 Lucas,
619 3436 750 3495 Actuma
776 3429 989 3510 Apostolorum
1010 3438 1130 3504 auctor,
1148 3429 1229 3497 hans

146 3524 149 3529 '
279 3545 311 3588 m
327 3542 383 3605 pro
401 3524 516 3585 Graecis
533 3539 571 3584 ex
591 3533 731 3583 sermone
747 3515 893 3577 hebraico
905 3516 939 3578 ia
951 3516 1086 3596 linguam
1096 3531 1230 3598 gram

162 3699 315 3767 “mnium
326 3695 502 3756 Latinorum
517 3692 556 3753 dc
570 3687 730 3753 'authentia
748 3683 836 3764 hujus
853 3685 997 3765 Epistulae
1010 3682 1154 3767 generale
1166 3701 1229 3750 uua

136 3782 379 3861 fluetsaeculo
392 3781 498 3860 quintu
508 3777 647 3847 coaevis
660 3789 730 3835 nun
739 3773 882 3836 Clemens
892 3774 1083 3845 lium.,Panli
1092 3779 1230 3835 conmm-

135 3858 313 3959 j'mens,
336 3868 369 3928 in
382 3883 436 3928 sua
457 3862 585 3941 epistola
604 3859 643 3920 ad
665 3856 841 3923 Corinthius
860 3856 955 3918 multa
974 3874 1012 3918 ex
1033 3857 1169 3935 Epistula
1188 3852 1229 3921 ad

172 3964 365 4052 smnio„
375 3991 421 4040 rin.
432 3989 462 4050 n,
472 3989 529 4037 aar.
545 3984 685 4046 roman,
700 3995 728 4036 o.
739 3983 770 4046 a.
785 3980 998 4046 acuatacuat
1010 3981 1102 4031 maer.
1112 3981 1230 4048 uiasq-

136 4052 240 4131 upa
255 4059 501 4124 tumuisse.
514 4056 552 4106 ut
1074 4117 1102 4164 ἰ
