2708 4846
149 424 202 482 toi·
552 425 595 472 Da:
616 421 822 472 suadeatis

149 519 251 588 luisse,
261 524 293 578 et
305 533 392 578 seem
401 514 654 585 eaTheodotion‚
667 513 792 592 Aquila,
805 508 1020 588 Symmachus,
1035 515 1066 567 et
1082 507 1154 567 Lxx
1165 508 1198 566 ln·
1248 520 1250 531 ·

149 611 312 683 terpretes,
324 601 483 665 traducere
495 602 673 679 potuissent.

184 689 308 753 Somnia
318 694 350 749 et
360 686 563 749 revelationes
572 685 780 747 exhihentura
791 681 919 744 Daniele
927 676 1202 760 grmliomsvnho

148 776 197 837 lis.
205 776 282 839 Cum
292 772 545 836 Danielinrebus
553 771 687 853 politicis
696 769 916 832 versatissimus
926 764 1205 837 esset,revelationea

149 857 269 925 divinas
284 863 423 919 accurate
443 855 597 935 percepit,
609 870 703 934 quare
712 861 746 916 et
758 852 825 915 illas
835 852 917 914 clare
928 849 1044 915 littoris
1057 847 1204 913 mandavit

148 944 250 1027 stylus
263 941 332 1020 ejus
343 950 391 1004 est
398 941 560 1024 prosaicus.

229 1086 247 1156 3
260 1090 360 1140 (lxiiii.
372 1113 402 1127 -··
412 1085 575 1139 Dllhcultatea
584 1087 711 1149 senentes
726 1086 810 1135 contra
818 1083 947 1135 Danielem
956 1096 1007 1148 qua
1016 1084 1144 1134 auctorem

586 1156 783 1220 prophetiarum.

183 1296 256 1350 aad.
269 1290 453 1372 Porphyrius
464 1289 661 1372 philosophus
669 1290 804 1370 gentilia,
817 1291 944 1351 famosus
955 1285 1118 1351 christiam
1128 1291 1209 1352 nomi·

146 1378 196 1445 uis
211 1377 322 1450 hostia,
332 1378 479 1440 vaticinia
496 1377 632 1439 Danielis
649 1383 711 1437 tam
725 1376 809 1437 clara
826 1375 957 1455 reperit,
970 1381 1008 1437 ut
1026 1374 1169 1436 maluerit
1183 1392 1209 1437 aa

146 1464 267 1527 Danieli
276 1463 460 1543 abjudicare,
472 1470 504 1525 et
512 1462 649 1524 tribuere
659 1462 775 1523 auctori
786 1462 883 1522 aetatis
891 1458 1040 1521 Antiochi
1048 1458 1209 1542 Epiphania

146 1569 236 1630 quam
245 1551 299 1611 illa
309 1551 497 1629 impugnare.
510 1547 679 1628 Porphyrio
687 1547 769 1610 haud
780 1548 869 1627 pauci
876 1547 1035 1609 Neoterici
1044 1555 1148 1609 nostro
1157 1564 1210 1610 aero

146 1635 370 1707 adsentiuntur.
384 1633 617 1706 contendentes.
629 1633 800 1713 sapientem
811 1633 943 1710 aliquem
955 1638 1026 1712 post
1040 1631 1210 1695 Andochm

144 1721 348 1802 Epiphanem,
359 1721 411 1800 qui
422 1721 525 1799 sesqui
533 1721 643 1783 seculo
656 1727 727 1782 ante
739 1719 892 1785 Christum
902 1719 1057 1797 regnavit,
1069 1736 1121 1782 res
1129 1718 1210 1782 hiato

144 1809 224 1873 sicas
240 1809 331 1871 modo
352 1806 531 1889 prophetico
557 1806 785 1886 conscripsisse,
809 1814 842 1868 et
863 1804 1023 1867 Danielem
1051 1805 1210 1885 loqmlen

145 1892 308 1955 induxisse.
319 1890 533 1964 Difficillime,
548 1908 623 1971 ques
633 1898 818 1971 congerunt,
832 1891 900 1952 aliae
911 1889 1085 1968 respiciunt
1095 1906 1209 1970 genas

145 1979 217 2041 liter
234 1988 388 2043 auctorem
406 1979 480 2041 lihri
499 1979 653 2051 Danielis,
670 1979 739 2039 alise
759 1979 792 2038 in
811 1976 988 2057 particulari
1009 1974 1107 2056 osius
1121 1977 1209 2058 priora

144 2066 258 2145 capita,
271 2067 340 2127 aliae
354 2065 494 2143 oapi-c.
506 2065 558 2136 la,
574 2073 608 2127 el
623 2065 691 2127 aliae
702 2063 890 2136 camelo
902 2081 930 2125 c.
944 2062 1027 2126 lic.
1038 2063 1139 2127 ltDs
1153 2064 1209 2127 illis

143 2151 457 2228 successiveagemua.
521 2155 528 2168 '

179 2235 292 2299 Contra
302 2234 462 2296 Danielem
472 2253 532 2313 qua
539 2244 696 2298 auctorem
703 2236 932 2317 prophetiarum
942 2236 1032 2297 aiunt

179 2319 251 2374 eol.
266 2319 297 2379 Γ
310 2317 433 2380 Judaeos
445 2321 609 2383 collocasse
626 2323 785 2383 Danielem
801 2340 862 2382 nou
874 2323 956 2382 inter
965 2319 1146 2402 Prophetas,
1160 2324 1208 2385 sed

143 2405 225 2465 inter
235 2403 469 2484 hagiographos
492 2406 563 2467 illos
579 2408 728 2469 autemid
744 2409 874 2470 facturos
883 2427 945 2470 nou
957 2409 1207 2482 luisse,siDaniel

143 2488 344 2552 hunclihrum
351 2490 613 2571 scripsisset‚oum
622 2493 768 2555 maximus
777 2494 997 2573 Prophetsrmn
1005 2501 1100 2558 esset.
1108 2496 1207 2575 anue

142 2575 342 2648 condurdum,
354 2594 429 2657 opes
441 2578 489 2638 illi
501 2580 681 2660 inscriptam
692 2598 758 2643 esse
771 2581 930 2646 historiam
945 2589 1086 2661 tempora
1098 2582 1208 2645 Macho-

141 2662 370 2726 haeorummodo
381 2664 560 2745 prophetico
568 2668 722 2748 scriptam.
731 2668 857 2729 Addunt
864 2668 1027 2729 Danielem
1041 2669 1083 2731 ah
1097 2676 1205 2732 audac

140 2749 399 2828 Ecclesiasticus
408 2749 462 2827 tt)
472 2752 633 2832 Prophetis
649 2771 711 2814 non
724 2752 889 2814 accenseri.

177 2838 220 2896 At
229 2836 446 2899 tudaeisaculo
454 2845 562 2915 quarto
572 2837 726 2900 dumtaxat
733 2838 892 2900 Danielem
903 2839 986 2900 inter
995 2838 1208 2923 hagiographa

141 2920 339 2992 collocarunt,
358 2921 506 3000 majorum
519 2939 643 2984 suorum
659 2924 799 3001 neglecta
814 2923 969 2994 doctrina,
988 2931 1025 2984 ut
1037 2924 1207 2989 Christianis

140 3019 222 3067 arma
239 3003 409 3083 eriperent,
434 3004 544 3082 quihus
561 3007 820 3085 expugnabantur.
843 3006 965 3066 Frivola
983 3008 1206 3084 praetendebam

139 3087 443 3168 Prophetaminaula
455 3090 570 3154 versari
578 3107 642 3152 non
653 3090 786 3163 dehere,
798 3098 889 3170 prout
898 3090 1009 3152 Daniel
1020 3092 1058 3154 in
1069 3094 1140 3155 auh
1147 3110 1208 3157 vcr-

139 3182 219 3237 satus
227 3175 334 3238 iuerat.

105 3340 108 3347 =
176 3260 208 3322 Si
220 3260 443 3324 liherDanielis
452 3262 791 3325 aetateldachahaeormu
801 3263 930 3343 scriptus
939 3266 1205 3347 essel,nequidu

137 3362 156 3406 a
177 3347 336 3424 Syucgoga
351 3347 561 3408 Palaestinensi
581 3349 699 3412 canoni
719 3350 880 3410 Librorum
907 3366 1064 3411 sacrorum
1085 3353 1206 3417 imatos

137 3431 256 3500 tusses,
268 3433 435 3509 utpotequi
450 3440 512 3492 tum
526 3433 644 3494 clausus
655 3434 777 3512 erat(n.
788 3436 839 3514 7),
856 3441 889 3496 et
901 3436 1035 3512 inquens
1048 3440 1206 3519 nequidem
1244 3428 1247 3433 ¹

137 3514 218 3577 liber
227 3514 469 3590 Ecclesiasticus,
481 3517 601 3596 aliaque
613 3519 729 3596 Scripta
739 3535 823 3582 saera
834 3526 901 3600 post
911 3519 992 3581 istud
1003 3528 1205 3605 tempuscula-

136 3600 233 3680 posita
245 3606 367 3680 recepta
378 3600 500 3665 fuerunt
511 3603 649 3680 (centn.
661 3604 723 3685 19).

122 3748 125 3763 ¹
172 3685 302 3748 Veteres
324 3694 425 3749 autem
440 3687 540 3749 Judaei
555 3690 713 3752 Danielem
733 3691 892 3772 Prophetis
909 3691 1207 3770 conumeraremus

136 3776 239 3849 patet:
255 3804 286 3816 -
300 3788 341 3833 ex
352 3774 492 3835 versione
503 3775 583 3835 LXX
596 3776 811 3856 iuterpretum,
824 3778 858 3836 iu
869 3794 927 3855 qna
939 3786 1007 3859 post
1017 3780 1205 3844 Ezechielem

136 3855 313 3931 collocatur,
325 3865 360 3919 ut
371 3858 404 3920 in
415 3861 555 3921 versione
566 3860 679 3933 latina3
694 3892 726 3909 -
741 3863 961 3938 crustante,
975 3865 1028 3939 ld,
1041 3867 1097 3928 uhi
1110 3867 1206 3935 Chris·

136 3947 183 3999 tus
194 3943 352 4004 Danielem
363 3944 544 4027 Prophelam
555 3955 661 4020 vocat;
672 3980 704 3993 -
720 3966 759 4009 ex
771 3949 815 4009 ul.
828 3948 976 4030 losephe,
985 3952 1038 4031 qui
1050 3954 1204 4015 Danielem

137 4024 293 4118 Prophetis
312 4039 450 4092 accenset
463 4038 566 4094 eontra
579 4033 690 4113 Apion.
703 4033 725 4094 l.
740 4035 772 4106 i,
787 4053 814 4096 o.
835 4034 869 4108 8,
884 4044 916 4097 et
935 4037 987 4113 qui
1000 4038 1110 4115 Antip.
1122 4038 1143 4100 l.
1155 4036 1200 4109 lo,
