2708 4846
226 475 274 524 787
504 473 547 521 DE
566 472 683 522 textu
702 468 1000 520 adventionibus

229 566 415 630 nesnmemi
423 582 492 626 cnm
501 564 712 626 eruditissimis
723 562 947 625 commentariis
960 560 1062 623 edidit
1073 559 1250 629 amolitio,
1262 560 1298 621 al·

227 661 324 714 teram
340 658 458 714 aucam
474 669 553 714 anno
567 652 653 723 7808,
666 657 699 713 et
715 650 836 711 tertiam
850 648 950 710 adhuc
968 648 1141 710 auctiorem
1155 654 1241 728 parat
1250 645 1298 708 boe

228 737 429 886 Ἥιέοῗὲἴηοο
442 821 572 890 danica,
585 837 700 892 suecae,
710 821 846 891 russisve,
863 819 1035 900 polonicae,
1055 817 1244 888 bohemico,
1255 833 1299 878 ω·

227 909 439 990 glosaxonicae
452 915 484 967 et
495 907 621 985 anglicae
648 906 728 966 haud
741 905 817 966 adeo
826 913 967 967 recentes
981 903 1085 966 videri
1094 910 1224 985 possunt
1233 901 1299 984 apni

227 993 400 1058 el.'Calmet
412 993 437 1067 ¹,
452 995 497 1055 Le
507 992 617 1072 Long'
634 994 723 1052 etDu
733 992 791 1053 Pin
805 979 828 1052 ⁸.

537 1132 555 1198 S
569 1135 687 1185 XXXVII.
698 1158 729 1171 -
738 1133 869 1184 versiones
881 1132 992 1195 belgica·

265 1259 338 1315 675.
349 1257 513 1318 versiones
525 1257 693 1318 Bibliorum
710 1273 863 1317 sacrorum
875 1254 906 1314 in
919 1244 1056 1331 lingnam
1071 1251 1230 1331 belgicam
1242 1258 1300 1315 sunt

229 1342 458 1420 antiquissimae3
472 1343 572 1403 Biblia
589 1351 689 1402 autem
705 1341 826 1420 belgica
843 1357 922 1400 anno
941 1338 1014 1398 stes
1025 1338 1186 1398 anteriora
1204 1354 1300 1399 nomon

228 1427 405 1505 interpretis
415 1429 583 1505 generatim
597 1445 657 1487 non
672 1427 828 1487 exhibent.
843 1425 986 1486 Nicolans
996 1440 1056 1482 van
1075 1423 1300 1501 Winglreanne

229 1513 302 1573 ttt8
317 1515 488 1573 versionem
510 1514 661 1593 belgicam
683 1514 795 1583 edidit,
814 1519 846 1572 et
865 1512 896 1572 in
915 1510 1096 1590 praelatione
1120 1510 1168 1570 ait
1183 1526 1301 1571 semim

229 1614 296 1660 esse
307 1598 416 1659 Bibliis
426 1596 571 1660 flandrica
585 1600 678 1678 praelo
689 1599 839 1659 mandatis
848 1599 880 1657 in
892 1596 1056 1656 llollandia
1065 1613 1150 1657 anno
1166 1596 1245 1656 7778.

264 1685 363 1745 biblia
375 1686 443 1747 Nic.
462 1703 520 1746 van
538 1687 681 1763 Wingbe
695 1704 712 1747 a
726 1685 906 1746 Doctoribns
918 1682 1166 1744 lovaniensibus
1178 1689 1300 1746 correcb

228 1769 405 1848 prodierunt
414 1771 593 1850 Antverpiae
607 1771 692 1841 ttae,
706 1788 741 1832 ac
753 1770 825 1831 dein
836 1768 946 1849 saepius
960 1784 1069 1835 recusa
1081 1768 1216 1828 inerunt.

265 1854 469 1916 Protestantes
481 1856 580 1935 Belgii
597 1857 634 1917 ab
647 1856 732 1915 initio
746 1872 809 1916 suae
827 1860 985 1934 praetensae
1007 1853 1236 1915 reformationis
1249 1872 1299 1915 ηοη

227 1937 399 2001 babuerunt
411 1942 471 2002 nisi
484 1943 656 2005 versionem
668 1943 816 2021 belgicam
827 1939 910 2018 juxta
920 1939 1097 1999 versionem
1108 1943 1301 2019 germanicam

227 2025 354 2087 Lntheri
365 2034 519 2105 peractam
528 2047 537 2100 3
551 2028 606 2089 sed
618 2045 697 2088 anno
712 2028 792 2099 ldld,
806 2024 953 2086 Dordraci
972 2025 1005 2083 in
1022 2026 1178 2086 nationali
1197 2026 1301 2106 synodo

228 2119 391 2172 sanxerunt
406 2119 440 2171 ut
451 2129 529 2173 nova
542 2115 640 2174 versio
654 2113 775 2191 belgica
788 2113 873 2189 juxta
886 2117 1001 2169 textum
1014 2110 1217 2189 originarium
1235 2129 1301 2173 oon·

229 2194 418 2267 einnaretur,
431 2215 499 2272 quae
509 2214 588 2259 anno
601 2198 673 2258 7677
686 2199 816 2276 primum
828 2198 860 2256 in
871 2195 971 2256 lucem
983 2196 1115 2273 prodiit.

264 2282 425 2341 Librormn
436 2299 587 2344 sacrorum
599 2286 771 2347 versionem
784 2280 935 2362 belgicam
947 2282 1048 2343 edidit
1057 2284 1221 2360 Ultrajecti
1231 2300 1301 2346 ωηο

229 2364 300 2424 7777
310 2366 451 2443 AEgidius
464 2367 503 2426 de
513 2369 587 2427 Wit
599 2371 761 2446 presbyter
773 2368 813 2429 de
837 2384 964 2428 numero
979 2369 1225 2448 Adpellantium.
1236 2371 1301 2432 Ver·

226 2449 274 2511 sio
285 2448 352 2511 baec
364 2458 410 2511 est
422 2450 502 2512 clara
515 2467 551 2512 ac
562 2454 734 2531 perspicua,
750 2461 781 2513 at
789 2454 917 2514 liberior
926 2455 1123 2516 etinexacta.

264 2534 445 2596 versionem
465 2536 616 2616 belgicam
632 2537 710 2616 stylo
729 2539 863 2617 eleganti
874 2555 909 2598 ac
921 2539 1086 2617 perspicuo
1100 2543 1299 2605 concinnatam

226 2630 426 2699 procurarunt
437 2622 652 2684 Andraeasvan
665 2622 721 2684 der
732 2624 850 2685 schum
867 2625 1008 2687 sacerdos
1026 2627 1216 2706 Adpellans,
1235 2629 1299 2709 ejns·

227 2722 287 2786 que
300 2708 523 2769 continuatores
535 2708 748 2786 Adpellantes,
762 2709 924 2787 Ultrajecti
937 2727 1016 2771 anno
1027 2711 1114 2773 stoa.
1126 2714 1237 2777 versio
1246 2714 1298 2776 bae

226 2792 351 2873 saepius,
364 2794 493 2872 Vulgata
505 2795 664 2871 neglecta,
678 2797 813 2873 sequitur
824 2804 941 2856 textum
955 2796 1126 2861 hebraeum.

264 2878 427 2938 Maximam
446 2887 563 2956 partem
587 2880 747 2939 Librorum
770 2897 925 2941 sacrorum
942 2882 1058 2942 veteris
1078 2884 1298 2964 Foederisjmlt

227 2962 354 3022 latinum
371 2970 487 3024 textum
510 2966 646 3043 Vulgatae
671 2965 803 3044 eleganti
827 2966 972 3026 idiomate
997 2967 1125 3047 belgico
1152 2973 1297 3052 perspicue

227 3046 363 3107 reddidit
379 3049 571 3110 Wilbelmus
594 3051 686 3111 Smits
707 3050 822 3111 ordinis
839 3052 913 3111 blin.
937 3052 1060 3124 Recol,
1076 3071 1161 3117 anno
1176 3057 1296 3127 sintin

225 3132 377 3194 Kev'elaer
390 3134 459 3195 vico
474 3134 643 3212 provincia
655 3136 808 3197 Gueldriae
821 3145 923 3206 nans,
937 3146 969 3197 et
980 3155 1060 3200 anno
1075 3141 1168 3215 7770,
1181 3140 1297 3205 Antver·

226 3216 287 3294 piae
298 3215 467 3278 defunctus.
482 3218 611 3279 Addidit
626 3221 830 3282 eruditissima
846 3224 1080 3302 prolegomena,
1097 3228 1156 3289 sed
1173 3231 1295 3310 prolixa,

227 3301 503 3374 dissertationes,et
514 3313 600 3366 notas
609 3307 740 3376 criticas,
751 3308 900 3370 litterales
909 3326 944 3370 ac
953 3314 1212 3388 grammaticales,
1222 3324 1295 3393 amno

226 3386 347 3449 chartas
364 3389 583 3468 geographicas
604 3399 636 3451 et
656 3393 772 3455 icones.
794 3396 828 3455 P.
845 3396 913 3455 Van
928 3397 1016 3459 llove
1033 3397 1175 3475 ejusdem
1187 3399 1298 3466 Ordinis

224 3473 386 3554 egregium
406 3475 465 3535 boc
486 3492 560 3554 opus
578 3479 776 3540 continuavit.
791 3481 877 3540 Libri
888 3483 966 3542 sacri
984 3501 1000 3543 a
1019 3485 1077 3544 PP.
1092 3488 1189 3549 Smits
1202 3495 1232 3550 et
1242 3489 1299 3547 Van

227 3556 317 3621 flore
328 3559 566 3636 belgiceredditi
574 3569 657 3622 sunt:
670 3565 958 3639 Genesis,Exodns,
980 3566 1155 3645 leviticus,
1174 3570 1298 3638 sumen.

227 3645 508 3719 Deuteronominm,
522 3649 651 3720 Tobias,
664 3652 787 3722 Juditb,
801 3652 928 3724 Esther,
942 3655 1020 3725 Job,
1037 3658 1168 3729 Psalmi,
1184 3662 1300 3720 Prover-

226 3729 297 3804 bia,
310 3733 524 3803 Ecclesiastcs,
540 3736 699 3799 Canticum
714 3738 818 3810 Cant,
832 3741 988 3819 Sapientia
1007 3753 1039 3802 ct
1059 3746 1298 3814 Ecclesiasticus.

227 3816 317 3877 simul
328 3818 362 3878 at
374 3820 434 3880 vol.
448 3819 525 3880 ἱη-8ο
549 3824 739 3902 Antverpim,
757 3825 844 3898 7777,
860 3833 891 3886 et
903 3829 1114 3905 sequentibus.

227 3925 264 4055 u:
278 3940 342 4058 prop
354 3940 1017 4061 ppnnstra-mnnnnequencrce.-tnsssrt
1024 3951 1129 4003 nerim.
1140 3958 1214 4006 sura
1223 3954 1297 4010 stne,

265 4041 272 4055 .
303 4045 343 4070 ‚.
