2708 4846
133 456 178 506 „a
542 447 586 495 οι
609 441 804 493 nornunrn

338 568 1009 646 smxrx.-amum0ntm11unmnmsom.

172 713 243 768 tre.
254 709 423 771 Antiochus
435 705 608 786 Epiphanes
616 706 762 781 occupato
774 717 870 779 regno
883 698 982 776 Syriae
996 711 1077 758 anno
1087 692 1197 759 titum

132 799 297 865 Christum,
312 803 343 857 et
354 795 474 857 devicto
486 791 649 852 Ptolemaeo
662 803 736 865 rege
751 785 892 864 AEgypti‚
908 780 1199 861 Hierosolymamdo·

133 883 284 963 praedatus
299 888 361 947 est,
374 878 497 939 Jndaeos
510 876 585 936 alios
597 872 767 942 interemit,
782 871 857 930 alios
869 869 1007 946 captivos
1022 865 1126 938 duxit,
1137 875 1200 928 ten·

134 969 218 1046 plum
228 965 369 1044 spoliavit
378 971 409 1025 et
418 960 598 1040 profanavit,
609 958 717 1017 Libros
726 972 826 1016 sacros
835 953 1011 1024 combussit,
1019 951 1200 1024 idolamerit,

135 1060 167 1112 et
177 1069 213 1112 ea
227 1051 353 1112 adorare
363 1054 528 1108 renuentes
539 1042 685 1104 trucidari
695 1041 793 1119 Jussit.

170 1134 352 1196 Mathathias
365 1130 507 1194 sacerdos
522 1146 591 1190 cum
605 1127 739 1206 quinquo
752 1125 814 1186 suis
827 1122 898 1183 filiis
907 1122 1080 1183 exercitum
1094 1120 1203 1204 mugit

134 1222 310 1282 Judaeomm
329 1221 363 1278 in
382 1218 462 1279 avita
482 1216 633 1293 religione
654 1210 928 1291 perseverantium,
947 1214 1042 1285 atque
1060 1209 1204 1288 regionam

135 1302 588 1384 perlustranspraetectosrcgios
595 1296 750 1367 Antiochi,
758 1302 790 1357 et
799 1295 922 1355 Jndaeos
930 1301 1085 1373 apostatas
1094 1293 1202 1357 occidit

135 1389 329 1458 Mathathiae‚
346 1403 425 1447 anno
446 1384 501 1445 loo
522 1391 594 1444 ante
616 1382 771 1446 Christum
794 1379 953 1449 nemnem,
973 1380 1125 1441 successit
1139 1378 1205 1441 lilim

135 1475 229 1535 dudae
240 1472 431 1534 machabaeus
439 1477 473 1530 ut
485 1469 546 1529 dux
557 1469 686 1540 militia,
697 1467 748 1544 qui
759 1467 899 1545 ingentes
910 1465 1060 1543 Syrorum
1070 1464 1205 1527 exercitu

136 1559 241 1640 paucis
258 1557 353 1636 copiis
370 1554 554 1635 profligavit.
573 1552 621 1612 llll
640 1568 719 1613 anno
734 1550 789 1611 idi)
804 1557 875 1610 ante
889 1548 1047 1612 Christum
1062 1550 1098 1610 in
1114 1548 1204 1631 panib

137 1646 238 1706 occiso
249 1643 394 1704 successit
403 1641 496 1700 irater
509 1636 677 1706 tonatim,
691 1637 744 1714 qui
755 1635 886 1697 hostium
899 1633 1022 1695 insidiis
1033 1635 1204 1714 periitmna

137 1730 193 1790 tos
213 1737 283 1790 ante
308 1728 472 1791 Christum.
498 1725 559 1804 lpsi
585 1724 731 1784 successit
752 1722 872 1793 Simon.
896 1719 1122 1800 primogenitus
1139 1719 1205 1783 titis

136 1814 327 1884 Mathathiae,
337 1813 390 1888 qui
401 1811 604 1890 principatum
622 1816 654 1867 et
668 1823 816 1868 summum
827 1805 1033 1867 sacerdotium
1042 1806 1114 1885 jure
1125 1806 1205 1868 hmo

136 1898 248 1960 ditnrio
260 1899 391 1977 accepit,
406 1897 461 1959 sed
474 1913 553 1956 anno
563 1892 617 1953 tid
629 1891 867 1953 antechristum
885 1907 905 1953 n
924 1907 1043 1970 genero
1055 1891 1205 1955 ptolemeo

136 1986 314 2046 interfectus
325 1984 395 2045 tuit.

174 2070 320 2132 Continet
331 2070 434 2145 itaque
444 2065 495 2126 hic
505 2065 586 2124 liher
594 2063 753 2123 historiam
764 2060 802 2121 hd
812 2077 974 2131 annorum,
985 2060 1205 2125 abinitlotcili·

137 2154 283 2230 cetregni
298 2151 443 2212 Antiochi
463 2147 629 2228 Epiphania
646 2145 796 2224 usquead
814 2153 945 2206 mortem
962 2146 1100 2211 Simonis

137 2237 314 2299 sacerdotis.

347 2390 363 2456 ς
377 2392 466 2438 clxx.
479 2413 508 2425 -
518 2391 695 2452 mmmmm
706 2391 728 2438 n
738 2390 796 2440 mn
806 2389 1012 2440 mmmmm.

176 2527 250 2581 tlt.
265 2524 312 2587 ⁷C.
326 2524 357 2594 l,
376 2522 424 2584 l-9
449 2521 580 2583 occurrit
596 2521 723 2602 epistola
736 2523 936 2584 llehraeomm
953 2524 1207 2604 llierosolymnct

139 2610 254 2672 Judoeae
265 2610 304 2670 ad
318 2607 502 2669 Hellenistas
514 2607 654 2686 AEgypti.
667 2609 702 2667 ln
720 2623 756 2669 eu
769 2608 882 2669 dicitur
913 2608 1067 2672 sacrificia
1076 2610 1207 2673 dennoln

140 2697 254 2777 templo
270 2694 538 2773 hierosolymitano
554 2693 676 2765 offerri,
696 2695 804 2756 testum
821 2696 1040 2757 Encoeniorum
1054 2696 1206 2767 celebrari.

141 2790 173 2845 et
184 2782 222 2844 ad
233 2783 299 2860 ejus
311 2780 552 2842 celebrationem
563 2779 742 2841 Hellenistae
756 2781 932 2841 invitantur.

177 2869 212 2932 C.
228 2868 254 2939 i,
271 2867 347 2930 illc.
359 2866 440 2926 2-t9.
453 2867 543 2925 Extat
556 2865 709 2942 antiquior
721 2865 848 2945 epistola
860 2864 899 2925 ah
909 2864 1019 2927 incolis
1028 2866 1160 2943 Judaea,
1169 2883 1208 2931 tt·

140 2953 278 3013 nioribns
291 2958 322 3010 et
334 2950 414 3010 Juda
425 2949 464 3008 ad
480 2949 689 3009 Aristobulum
704 2950 788 3027 regis
798 2948 952 3010 Ptolemaei
965 2950 1209 3034 paedagogmat

141 3035 179 3097 ad
190 3035 372 3095 Hellenistas
382 3034 510 3113 Egypti
520 3033 642 3113 scripta.
654 3035 836 3094 Relemutur
848 3034 880 3093 in
893 3033 945 3093 illa
954 3035 1095 3112 pericula
1102 3052 1208 3117 nugor,

140 3120 251 3198 quibus
261 3118 362 3178 Judaei
375 3119 430 3177 sub
445 3116 597 3177 Antiocho
608 3117 767 3198 Epiphane
781 3117 911 3196 expositi
924 3117 1061 3192 inerant,
1076 3119 1209 3201 huicnqrt

140 3205 223 3283 regis
243 3203 353 3264 obitus.
383 3202 560 3262 Hellenistae
582 3204 712 3283 AEgypti
731 3205 902 3265 excitantur
921 3202 960 3265 ad
982 3205 1211 3270 celebratiorem

141 3289 210 3350 iesti
223 3290 452 3356 Encoeniorum,
472 3294 503 3347 et
517 3286 598 3365 ignis
610 3289 700 3349 sacri.

177 3376 213 3437 C.
227 3374 262 3444 h,
281 3373 379 3433 soto.
391 3371 531 3433 Occurrit
550 3371 620 3430 lihri
641 3373 793 3452 prelatio,
815 3372 846 3432 in
869 3389 927 3449 qun
949 3381 1058 3436 auctor
1076 3375 1155 3440 dicit
1184 3390 1212 3436 ra

140 3460 261 3521 Jasonis
274 3457 414 3535 Cyrenai
432 3456 589 3516 historiam
611 3459 743 3535 quinque
758 3458 1212 3542 voluminibuscomprehm

139 3542 172 3605 in
191 3541 403 3623 compendium
423 3541 589 3618 redegisse.
610 3543 717 3601 Narrat
735 3541 806 3601 dein
818 3543 901 3619 Juxta
918 3544 1067 3605 iasonem
1083 3560 1213 3628 persem-

140 3629 241 3689 tiones
253 3634 285 3687 et
301 3626 400 3698 helle,
412 3643 480 3704 quae
496 3626 552 3686 suh
575 3625 726 3687 Antiocho
737 3626 910 3705 Epiphane‚
930 3635 962 3687 ct
984 3629 1142 3709 Eupatore
1159 3628 1212 3707 ein

142 3751 168 3800 ht
178 3752 247 3800 unde
263 3751 295 3800 ad
309 3749 446 3812 olympiam
454 3750 540 3798 urbem
553 3749 661 3797 mnxirno
670 3761 726 3796 cum
738 3749 875 3798 (trecorum
889 3762 1010 3801 concursu
1021 3753 1212 3809 celem,

142 3820 265 3881 incipiunt
275 3819 306 3869 nh
317 3831 381 3867 anno
395 3819 440 3867 set
452 3821 509 3866 ante
526 3830 600 3884 aeram
611 3821 751 3877 vulgarem.
769 3832 817 3879 quo
827 3831 891 3867 anno
908 3821 1049 3882 amphito,
1066 3834 1127 3884 rega
1135 3820 1213 3877 ssidis.

143 3888 271 3936 instaurati
287 3889 400 3947 luerunt,
415 3886 541 3935 thiarmls
551 3887 582 3933 ab
597 3899 681 3933 eorum
700 3887 869 3946 institutione,
886 3901 932 3948 per
948 3889 1084 3940 llercnlem
1096 3892 1123 3939 nt
1133 3889 1213 3945 leit.

144 3957 221 4015 iactu
234 3959 277 4004 scd
293 3958 415 4005 ordinario
427 3956 525 4005 inlitum
539 3955 710 4016 olympiadum
721 3967 769 4003 non
780 3959 925 4004 numeratur
934 3959 983 4010 nial
995 3959 1028 4009 ah
1037 3953 1214 4022 Olympiada!

144 4024 186 4072 nhi
197 4026 308 4074 coraehm
318 4027 397 4077 victor
411 4026 496 4077 extitit
506 4037 569 4074 anno
580 4025 625 4074 tto
637 4025 693 4074 autc
704 4036 777 4074 aemm
788 4025 923 4089 vulgarem.
