2708 4846
141 439 176 494 aa
265 430 267 435 ’
542 442 587 492 os
605 442 821 494 nrvrnrrars

141 534 182 595 ad
193 529 286 596 finem
294 530 398 596 saeculi
409 530 536 597 secundi
551 535 590 596 de
599 537 727 618 imperio
737 536 963 607 concertarent,
973 529 1137 596 oraculum
1143 531 1218 605 Del·

140 617 266 699 pbicum
283 620 342 681 hac
359 618 400 680 de
411 636 445 680 re
460 622 644 695 constitum,
665 621 898 684 celeberrimum
910 619 969 682 lroc
986 620 1073 682 dedit
1088 637 1218 700 respon-

140 720 206 765 sum
218 724 226 762 :
236 705 328 783 Niper
338 713 380 767 est
390 706 532 786 optimus,
544 706 705 785 Africanus
718 708 822 777 bonus,
834 715 862 768 et
873 705 965 767 Albus
974 707 1127 787 pessimas.
1139 707 1216 770 Cum

142 787 180 849 ab
193 789 247 849 illo
259 790 332 871 dein
348 798 551 870 quaereretur,
568 794 705 869 quisnam
722 809 760 854 er
770 793 836 854 istis
854 792 970 853 aemulis
982 792 1104 869 imperii
1117 792 1217 863 domi-

139 889 198 937 nus
207 877 324 940 futinus
338 881 439 942 essett
450 879 560 958 Pythia
573 879 751 960 respondit3
765 880 888 959 Sonpuis
898 878 969 939 Albi
978 879 1103 957 erotem
1112 877 1216 956 ficme-

140 966 205 1032 tur,
216 963 377 1040 Africanas
395 967 561 1044 paabeaaaabr‘t
572 966 721 1027 modam.
734 966 833 1028 Albus
849 972 914 1027 erat
925 966 1049 1029 Clodius
1067 966 1215 1039 Albinus,

138 1045 236 1126 Niger
248 1050 442 1124 Piscennius,
453 1058 487 1112 et
498 1052 659 1114 Africanus
671 1052 801 1113 Severus
812 1052 845 1113 iu
856 1051 958 1112 Africa
969 1057 1067 1112 natus.

180 1133 391 1199 Theodoretus
408 1137 517 1199 scribit
540 1137 702 1201 Oraculmn
719 1137 899 1217 Delphicum
923 1137 1021 1198 adhuc
1045 1136 1216 1199 substitisse

137 1235 209 1283 saec.
231 1231 338 1301 quarto
358 1231 497 1304 tempore
515 1225 631 1286 ,iuliani
652 1225 843 1304 imperatoris
855 1225 908 1303 qui
922 1224 1020 1302 ipsum
1027 1222 1215 1301 lde1expedi-

138 1308 226 1368 tione'
235 1308 269 1368 in
279 1310 400 1381 Persas,
411 1326 500 1387 quam
510 1309 730 1383 meditabatur,
744 1310 859 1370 consuli
871 1307 969 1387 jussit.
984 1311 1055 1369 Post
1066 1307 1127 1369 hoc
1141 1315 1215 1368 tem-

137 1409 195 1472 pus
206 1393 289 1454 nulla
303 1395 430 1474 amplius
439 1394 527 1472 hujus
536 1395 660 1457 Oraculi
667 1395 784 1456 mentio
794 1396 935 1457 occurrit.
950 1394 1215 1472 llistoriographus

138 1477 231 1548 Dion,
243 1479 418 1556 quisaeculo
430 1481 520 1540 lertio
532 1481 662 1559 scripsit,
672 1481 775 1553 refert,
786 1498 839 1542 suo
852 1488 988 1558 tempore
999 1479 1215 1558 Amphilocum
1243 1489 1246 1494 '

137 1561 237 1624 adhuc
257 1564 349 1626 tuisse
362 1565 517 1626 celebrem
533 1566 676 1639 oraculis,
692 1584 758 1643 quae
776 1567 928 1627 insomne
943 1565 1214 1628 edebat.Zozimm

137 1656 254 1722 narrat,
274 1651 390 1713 incolas
403 1651 552 1728 Palmyrae
565 1651 621 1712 sub
639 1653 804 1715 Aureliano
817 1653 890 1731 imp.
902 1669 972 1713 saec.
984 1653 1092 1723 tertio,
1104 1651 1214 1714 Oracu

136 1733 202 1794 lum
213 1735 345 1796 Veneris
358 1736 519 1815 Apbacitis
532 1736 732 1808 consuluisse,
746 1743 778 1797 et
791 1738 973 1798 sozomenus
991 1737 1114 1808 scribit,
1132 1738 1222 1799 Lici·-

137 1822 223 1882 nium
231 1821 423 1886 Constantini
431 1823 534 1902 magni
543 1824 576 1883 in
585 1824 714 1904 imperio
724 1824 883 1903 collegam,
893 1823 1055 1885 Oraculum
1065 1824 1213 1902 Apollinis

137 1906 261 1985 Dydimi
272 1926 343 1971 saec.
357 1917 464 1987 quarto
473 1908 670 1981 consuluisse,
681 1917 781 1970 utrum
790 1910 905 1971 bellum
917 1910 1060 1970 adversus
1070 1909 1214 1972 Constan-

137 1991 236 2052 tinum
245 2009 353 2071 gerere
364 1993 508 2065 deberet,
520 1994 684 2056 Oraculum
702 2002 803 2055 autem
815 1996 861 2054 illi
877 1996 994 2055 duobus
1002 1994 1143 2056 versibus
1155 1997 1214 2055 llo·

136 2079 216 2138 meri
224 2078 417 2157 respondisse
427 2098 435 2137 ι
446 2079 613 2138 Miseranda
621 2096 715 2150 serus,
729 2098 767 2138 oo
780 2089 810 2139 tu
818 2080 960 2159 puprrobis
973 2078 1214 2158 coanjttvemtasr

141 2164 225 2224 Voles
239 2172 295 2223 tuce
304 2163 479 2239 dcpbcerum,
491 2171 519 2222 et
531 2173 656 2225 senectae
667 2173 693 2224 tc
702 2173 853 2243 approbet.

175 2251 271 2311 Multa
283 2252 433 2311 idolorum
450 2251 563 2330 templa
574 2253 631 2313 sub
644 2253 843 2315 Constantino
857 2266 966 2330 magno
984 2250 1109 2331 ejusque
1127 2251 1212 2326 tiliis,

138 2337 195 2398 sub
210 2336 383 2398 Theodosio
397 2352 506 2416 magno
519 2354 555 2399 ac
567 2339 820 2416 subsequentibus
831 2338 1065 2417 imperatoribus
1076 2339 1213 2402 christia-

138 2424 203 2495 nis,
215 2422 280 2484 solo
291 2423 462 2500 adaequata,
482 2430 514 2484 ct
526 2424 735 2503 Paganismum
752 2426 954 2504 proscriptum
969 2442 1050 2498 esse,
1064 2432 1155 2505 atque
1173 2428 1213 2487 ita

139 2507 269 2569 Oracula
283 2507 348 2568 lere
367 2508 521 2570 demedio
540 2509 656 2570 sublata
663 2510 764 2586 :ruisse
771 2555 785 2581 „
798 2510 887 2571 facile
907 2511 1036 2587 quisque
1055 2511 1212 2573 concedet.

139 2590 314 2653 Verisimile
329 2600 430 2653 autem
448 2602 508 2666 est,
531 2595 677 2665 Oracula,
698 2594 774 2656 licet
791 2595 906 2657 rariora
925 2595 1018 2667 facta,
1037 2612 1108 2656 cum
1124 2597 1214 2676 Paga·

138 2678 236 2740 nismo
248 2679 416 2740 substitisse
430 2696 525 2759 usque
539 2680 578 2741 ad
586 2698 697 2741 annum
707 2681 831 2742 circiter
839 2681 892 2742 tal
907 2697 976 2742 aerae
994 2681 1141 2759 vulgaris,
1155 2698 1213 2760 quo

137 2764 336 2844 imperatores
352 2767 584 2827 Valentinianus
606 2770 664 2838 lll,
686 2775 718 2827 ct
734 2768 905 2830 Marcianus
929 2784 1019 2828 omne
1033 2766 1212 2849 ,Gennlsmi

139 2852 317 2912 exercitium
328 2852 383 2913 sub
396 2869 485 2932 poena
498 2853 606 2932 capitis
615 2853 850 2933 prohibuerunt,

431 2996 448 3066 §3
457 2999 522 3049 xm.
533 3025 563 3036 -
572 3002 611 3050 lie
621 2999 772 3051 Carminibus
782 2999 918 3064 Sibyllinis.

157 3158 160 3165 .
174 3119 226 3176 ⁴8·
240 3118 305 3199 obj.
317 3120 458 3183 Carmina
468 3121 628 3202 Sibyllina,
642 3129 799 3202 opponunt
806 3122 1007 3194 Naturalistae,
1019 3116 1213 3185 non'soluma

137 3205 281 3287 Paganis,
294 3208 348 3270 sed
361 3210 483 3270 etiama
500 3211 605 3287 primis
624 3209 804 3272 Christianis
816 3217 851 3268 nt
869 3211 1014 3280 Oracula,
1029 3226 1048 3269 a
1062 3227 1137 3272 vero
1150 3212 1212 3271 Deo

137 3293 299 3373 inspirata,
312 3294 417 3355 habita
434 3297 569 3366 firerunt;
585 3295 772 3356 conveniunt
783 3302 884 3356 autem
900 3296 990 3356 modo
1012 3295 1111 3365 docti,
1125 3296 1178 3357 illa
1195 3312 1213 3357 a

126 3379 203 3441 ‘Deo
218 3379 362 3458 inspirata
373 3382 499 3442 minime
515 3380 618 3442 luisse.
631 3380 694 3442 Cur
705 3379 789 3441 idem
798 3397 860 3441 non
871 3380 950 3441 toret
959 3381 998 3442 de
1008 3380 1109 3441 libris
1120 3383 1212 3444 sacris

139 3463 403 3528 Christianorum?

175 3551 261 3630 Resp.
274 3549 431 3628 Sapientes
450 3549 633 3622 Gentilium,
656 3556 688 3611 et
707 3551 821 3628 primos
833 3552 1003 3631 generatim
1024 3546 1213 3614 Christianos

139 3651 244 3698 versus
254 3634 419 3713 Sibyllinos
427 3643 461 3696 ut
472 3637 539 3698 veri
551 3637 608 3697 Ilei
618 3636 747 3699 Oracula
758 3637 909 3709 habuisse,
924 3638 1017 3716 gratis
1028 3637 1153 3698 omnino
1166 3654 1213 3698 as·

139 3723 260 3783 seritur.
272 3724 437 3783 Senserrmt
455 3723 608 3800 sapientes
621 3722 789 3784 Gentilium
801 3724 841 3786 de
859 3723 997 3786 Oraculis
1011 3722 1211 3805 Sibyllarum,

141 3807 222 3882 quod
231 3814 389 3869 senserrmt
402 3806 442 3868 de
453 3808 581 3870 oraculis
593 3808 735 3868 Deorum.

177 3891 282 3955 Nullus
293 3893 427 3973 proiecto
438 3893 556 3973 legatus
565 3893 699 3964 divinus,
717 3893 869 3957 miraculis
879 3891 1089 3973 vaticiniisque
1098 3895 1211 3972 clarus,

139 3976 208 4038 baec
222 3984 354 4042 carolina
365 3990 399 4043 ut
408 3983 472 4044 veri
483 3982 539 4042 Dei
551 3982 680 4045 Oracula
689 3981 808 4052 habuit;
822 3999 914 4061 quare
927 3983 1027 4043 Libris
1040 3985 1134 4045 sacris
1146 4000 1213 4063 gra·

70 4080 73 4086 '
141 4062 218 4131 tuto
240 4078 429 4139 opponuntur
446 4068 550 4140 (Conl.
562 4087 595 4130 u.
610 4068 720 4131 tta-li·
733 4077 764 4130 ct
776 4068 842 4148 lti).
862 4069 987 4139 lnterim
1006 4068 1046 4132 de
1068 4069 1212 4149 Sibyllis,
