2716 4838
1070 364 1129 417 p„

426 509 614 560 hlbholtttll
631 511 829 562 stelionum.
1120 508 1165 558 hii

88 595 242 658 asteriscis
254 597 385 670 notavit3
396 616 464 676 qnae
477 617 552 662 vero
564 601 596 660 in
610 603 751 662 versione
763 603 842 663 Lxx
855 590 1055 679 lnterprct'nm
1070 603 1168 662 abun·

88 682 203 744 dabant
232 683 323 743 obelo
354 682 547 763 indigitavit,
574 692 609 746 ut
634 685 764 747 lectores
784 688 899 748 scirent
923 686 999 747 illud
1023 687 1056 747 in
1082 693 1168 747 textu

86 769 209 830 hebraeo
223 768 339 830 deesse.

123 856 313 917 Vastumhoc
324 874 398 934 opus
406 856 546 925 ‚mannis
558 856 632 933 Tyri
643 856 823 926 absolutum,
837 857 874 917 bil
883 856 1087 918 voluminibus
1092 874 1168 917 con·

86 943 195 1004 stabat.
207 945 297 1002 Anno
314 941 532 1004 505Caesaraeae
544 943 576 1001 in
588 942 807 1004 bibliothecam
816 942 966 1021 Pamphili
977 942 1167 1022 deportatum

86 1027 157 1097 tuit,
181 1025 233 1087 ubi
249 1033 356 1103 postca
373 1028 404 1086 S.
428 1027 712 1104 llieronymussuos
727 1025 851 1087 codices
869 1027 908 1087 ad
923 1026 1000 1088 illud
1021 1029 1165 1089 correxit.

85 1112 245 1189 Nunquam
264 1118 365 1171 autem
382 1110 567 1188 descriptum
589 1111 664 1173 iuit.
685 1118 718 1171 et
734 1110 881 1172 Caesnaea
899 1112 1090 1173 aSaracenis
1110 1113 1167 1173 do·

85 1204 203 1258 vastata
216 1197 345 1276 periisse
358 1195 490 1255 videtur.
958 1200 960 1204 ⁴

121 1283 219 1344 Prisci
243 1283 405 1361 scriptores
427 1281 550 1341 nonnisi
577 1279 616 1340 de
637 1280 790 1359 Tetraplis
807 1285 839 1340 et
855 1280 1001 1359 Hexaplis
1021 1281 1167 1360 Origenis

87 1368 185 1448 quoad
196 1368 409 1428 collectionem
417 1373 552 1427 textumn
559 1366 722 1444 Scripturae
733 1384 825 1427 sacrae
837 1368 1026 1427 mentionem
1035 1367 1164 1439 iaciunt;

87 1454 223 1535 llexapla
234 1470 307 1514 vero
315 1452 495 1531 quandoque
506 1451 640 1530 Opdopio
650 1458 681 1511 et
689 1450 1022 1532 Euoccplonnncupata
1030 1451 1163 1514 inerunt.

86 1603 176 1665 tinguit
191 1615 205 1650 a
228 1600 395 1661 dogmatibus,
417 1601 443 1648 et
459 1599 524 1647 circa
544 1611 636 1647 annum
653 1597 699 1647 21⁸8
716 1612 771 1647 sera
786 1600 895 1660 vulparia
909 1600 963 1648 tuni
983 1601 1015 1649 ad
1030 1601 1165 1651 Fabianum

86 1674 221 1722 itomanam
227 1670 378 1729 Pontificem,
386 1671 440 1716 tum
451 1668 483 1715 ad
493 1668 554 1716 aiios
564 1669 691 1728 episcopos
702 1671 777 1716 rectas
786 1667 845 1715 tidei
860 1669 957 1730 scripsit
971 1671 1163 1730 contessionem,

86 1746 111 1793 tat
116 1742 236 1791 Eusebius
246 1740 323 1787 refert
331 1738 405 1800 (illst.
412 1739 465 1784 Lib.
474 1738 499 1797 6,
510 1750 532 1785 e.
544 1738 595 1798 29).

112 1814 150 1861 nc
167 1813 211 1860 illo
224 1811 329 1858 extante
342 1812 366 1856 l⁰
379 1807 514 1868 fragmenta
529 1807 689 1866 hexaplorum
700 1808 723 1853 ct
739 1807 967 1854 Commentariorum
981 1809 1163 1868 inscriptorum

84 1896 191 1942 macru,-
206 1882 232 1928 Ψ
246 1884 297 1928 octo
311 1880 367 1926 lilm'
379 1879 463 1925 contro
480 1877 572 1924 celsum
588 1873 761 1934 philosophum
777 1874 935 1935 epicuream,
951 1877 997 1922 snb
1015 1876 1163 1937 imperatore

84 1951 214 2001 commodo
224 1947 394 1998 verisimiliter
403 1945 556 1994 defunctam.
566 1944 617 1990 iioc
625 1956 685 2002 opus
693 1943 721 1990 nt
728 1943 821 2002 optima
831 1944 941 2003 apologia
950 1945 1077 2005 religionis
1085 1948 1165 1995 chris-

84 2023 157 2072 mna
177 2021 254 2069 totius
277 2016 432 2077 antiquitatis
455 2026 553 2074 semper
573 2011 687 2059 habitum
709 2011 770 2070 init,
783 2015 836 2060 tum
855 2013 956 2073 propter
968 2014 1022 2071 cius
1037 2015 1164 2075 ingentem

85 2092 249 2141 eruditionem
260 2100 354 2136 sacram
365 2088 391 2134 et
401 2083 544 2146 protanam,
555 2083 608 2131 tum
618 2083 719 2142 propter
732 2082 912 2142 expositionem
923 2082 1164 2145 philosophematum

84 2172 233 2226 paganorum
252 2156 453 2219 philosophorum
473 2153 593 2201 aduersus
610 2151 700 2199 Christi
720 2151 883 2213 religionem,
901 2152 955 2200 ium
975 2156 1075 2214 propter
1095 2155 1163 2203 itlius

84 2245 169 2294 puram
182 2230 369 2290 elegantemque
381 2223 524 2283 dictionem,
532 2223 586 2270 tum
596 2221 697 2271 tandm
708 2221 739 2270 ob
751 2221 802 2268 rim
809 2223 1009 2282 argumentorum
1017 2225 1043 2272 et
1053 2224 1121 2285 styli,
1133 2237 1163 2272 ac

83 2303 195 2351 ordinem
210 2298 378 2347 materiarum.

111 2372 240 2419 liabentar
249 2370 274 2416 5⁰
289 2368 391 2428 quamn
400 2363 456 2412 libri
466 2363 494 2410 de
506 2362 646 2422 sumptu,
655 2360 747 2422 qulam
757 2359 783 2408 ln
794 2361 920 2422 religionis
931 2361 1035 2410 materia
1046 2362 1162 2411 standum

82 2442 122 2491 tit
135 2444 162 2489 ln
173 2440 220 2488 hoc
232 2444 306 2498 opem
314 2434 431 2495 Origenes
446 2431 545 2493 proprio
554 2431 691 2481 velificatus
700 2431 815 2492 ingenio,
825 2432 852 2481 et
861 2431 990 2492 principiis
1000 2432 1161 2494 philosophias

82 2511 198 2568 Platonis,
209 2505 383 2569 quamoptime
394 2502 514 2560 callebat,
528 2501 653 2561 abreptas,
664 2501 731 2549 inter
740 2500 789 2547 alia
802 2501 889 2560 docet,
900 2502 1001 2561 spiritus
1015 2514 1030 2549 s
1040 2502 1092 2549 Deo
1103 2515 1161 2562 pro-

83 2593 193 2630 manasse
209 2577 329 2636 aequales,
339 2572 474 2619 maximam
487 2582 571 2617 corum
585 2573 681 2630 partem
696 2569 723 2616 in
738 2571 866 2629 peccatam
880 2571 973 2629 lapsam
988 2583 1051 2629 esse,
1066 2573 1092 2619 et
1105 2571 1161 2620 illos

82 2651 139 2700 hine
147 2650 219 2708 juxta
232 2640 377 2705 gravitatem
388 2650 489 2686 snorum
503 2639 659 2697 peccatorum
668 2637 744 2683 variis
759 2637 785 2684 in
798 2638 940 2697 corporibus
954 2652 998 2698 pro
1011 2639 1061 2686 iliis
1071 2641 1161 2688 creatis

80 2724 198 2780 tanquam
207 2716 233 2761 in
240 2708 379 2759 carceribus
389 2707 495 2754 inclusos
502 2717 565 2764 esse,
576 2707 649 2764 atque
656 2704 715 2752 inde
721 2707 850 2764 provenire
858 2706 981 2754 diversam
988 2709 1159 2757 hammonem

80 2791 221 2839 animarum
241 2778 382 2835 hominum,
396 2774 539 2835 angelornm
554 2773 580 2819 et
594 2776 722 2821 astrorum.
731 2774 842 2820 Animam
849 2775 937 2823 Christi
949 2775 1010 2823 dicit
1022 2790 1067 2836 per
1077 2778 1160 2825 chari-

80 2860 157 2907 tatem
167 2846 370 2913 perfectissimam
380 2857 406 2892 se
417 2843 469 2890 Deo
479 2842 650 2901 coniunxisse,
661 2844 687 2890 et
697 2841 753 2889 ideo
763 2843 882 2891 memissa
896 2846 924 2892 ut
942 2845 974 2892 ab
984 2857 1013 2892 eo
1023 2856 1159 2906 numquam

79 2924 250 2988 separaretur3
262 2929 347 2965 omnes
357 2914 418 2962 alios
427 2912 528 2973 spiritus
538 2912 623 2959 asserit
634 2925 649 2960 a
659 2912 763 2959 bonoad
773 2914 875 2973 malam,
885 2926 914 2962 ac
924 2914 1041 2975 vicissim,
1052 2917 1158 2966 transire

79 3008 161 3061 posse.
178 2991 295 3051 origenes
309 2983 432 3047 principio
446 2981 568 3042 platonico
586 2981 701 3040 innixus,
719 2982 799 3029 Deum
815 2995 865 3029 non
883 2983 995 3044 indigere
1009 2985 1057 3032 nisi
1073 2999 1159 3047 poenam

79 3062 257 3118 medicinales,
273 3069 317 3104 sen
332 3057 358 3102 in
372 3053 409 3101 rei
421 3051 632 3109 emendationem,
646 3052 710 3098 male
725 3052 899 3099 conciliatam-ns
908 3054 954 3101 ilci
968 3054 1089 3111 iustitiam
1100 3070 1157 3105 cum

79 3138 146 3187 illins
157 3131 276 3187 bonitate,
285 3122 433 3181 adstruebat,
444 3120 567 3167 mutones
577 3122 603 3168 ct
613 3121 740 3167 dammtos
749 3121 804 3180 post
812 3133 897 3168 eornm
905 3122 1026 3171 scelernm
1034 3126 1158 3185 expiatio-

79 3218 137 3256 nem
155 3197 285 3249 salvandos
300 3206 362 3243 esse.
380 3190 574 3238 Fundamentale
590 3189 702 3251 origenis
718 3189 870 3251 principium
890 3193 959 3250 erat,
980 3194 1110 3241 materiam
1130 3198 1157 3244 et

79 3273 180 3338 spiritns
199 3282 231 3316 ex
249 3269 301 3313 lieo
319 3265 444 3321 umquam
461 3273 494 3307 ex
514 3259 637 3320 principio
654 3259 765 3307 omnium
783 3260 880 3308 entium
894 3274 1059 3323 promanasse.
1074 3264 1156 3322 Quare

79 3344 170 3392 uirum
178 3351 226 3386 non
237 3336 287 3394 est,
297 3331 409 3393 origcnls
417 3341 512 3377 errores
522 3329 549 3376 in
559 3327 749 3391 quiniasynodo
757 3329 921 3379 0Ecumenica
932 3331 1080 3393 proscriptos
1091 3345 1156 3383 esse.

106 3412 133 3458 t⁰
143 3409 252 3456 Tandem
269 3402 402 3465 supcrsnnt
417 3400 543 3449 Tructotut
556 3401 583 3449 de
595 3400 717 3459 mallone,
731 3400 841 3449 uocatu
851 3400 883 3449 od
897 3403 1049 3462 martyriam,
1063 3405 1086 3451 et
1098 3403 1155 3464 lipt-

76 3479 332 3537 aestuosum.
