2708 4846
405 484 591 534 tlnnoltttti
604 485 806 536 stcnonttrt.
1111 487 1140 539 31

61 576 206 655 Genea),
220 577 252 639 S.
265 576 451 657 Hieronymo
463 579 607 655 (Preoem.
620 581 653 640 in
666 581 751 658 epist.
763 579 802 641 ad
812 576 969 658 Philem.),
982 578 1014 641 S.
1026 579 1143 659 Augus·

62 663 129 725 tino
141 665 230 735 (Lib.
246 665 297 738 itt,
311 683 339 727 o.
351 663 399 725 58.
415 665 453 725 de
466 665 532 728 Civ.
547 667 632 742 Dei),
646 674 703 729 etc.
899 698 905 709 =

100 754 153 809 tt.
166 752 339 828 Scriptores
351 752 429 813 sacri
443 769 504 813 non
516 754 582 813 sine
594 753 690 814 divini
702 755 833 817 numinis
843 754 1020 817 incitatione
1033 771 1087 815 seu
1098 749 1144 815 in-

65 838 230 917 spiratione
246 855 281 898 se
298 837 338 898 ad
355 838 547 899 seribendmn
565 840 727 901 contulisse
745 841 857 918 liquet,
877 847 942 901 tum
958 840 1040 919 quod
1059 858 1144 902 scena

65 926 147 987 Dens
157 925 280 987 illorum
288 941 414 1004 operum
426 925 546 985 nonnisi
558 934 691 985 remotus
703 933 807 988 auctor
819 927 965 989 dicendus
976 928 1067 998 foret,
1080 935 1144 988 tum

68 1010 146 1088 qued
158 1012 190 1073 S.
207 1012 316 1072 Petrus
329 1007 376 1088 (ll
391 1012 485 1089 Epist.
500 1013 532 1083 l,
547 1011 874 1088 mendicantium
892 1015 973 1073 enim
990 1015 1143 1075 voluntate

68 1096 225 1158 »humana
235 1098 327 1158 allata
337 1103 385 1158 est
394 1097 554 1175 aliquando
566 1098 724 1177 prophetia
733 1119 741 1170 ;
751 1098 805 1159 sed
815 1100 928 1178 Spiritu
939 1106 1042 1160 sancto
1051 1099 1144 1177 inspi-

65 1203 81 1240 a
93 1184 152 1244 rati
164 1186 283 1263 (graece
301 1192 425 1253 θερομινοι,
437 1183 576 1262 impulsi)
589 1185 683 1246 locuti
700 1192 769 1246 srmt
781 1187 875 1247 sancti
889 1186 946 1245 Dei
962 1186 1108 1245 hominus.
1127 1204 1143 1243 r

64 1360 114 1418 tur
127 1356 323 1439 Religionem
337 1357 520 1429 revelatam,
536 1357 575 1418 iis
589 1364 778 1430 contentam,
795 1357 909 1437 pariter
921 1358 1056 1421 divinam
1067 1374 1143 1446 esse.

264 1507 403 1557 vitiorum
418 1506 599 1555 nltimatts
614 1506 770 1556 mandauit
784 1508 953 1558 saenoautt.

290 1634 435 1704 six-ile
444 1638 493 1690 tide
502 1640 642 1689 ludaeorum
653 1640 719 1690 circa
729 1640 923 1702 inspirationem.

100 1772 153 1828 tt.
169 1768 238 1851 olaf.
252 1768 381 1830 Veteres
395 1770 512 1842 Judaoi,
531 1772 616 1830 aiunt
631 1775 817 1832 recentiores
836 1774 1053 1843 Protestantcs,
1072 1773 1145 1833 emi-

64 1859 169 1919 nentia
180 1856 265 1918 oona
280 1857 430 1916 naturalia
447 1859 511 1917 Deo
530 1857 704 1918 immediate
721 1858 951 1927 adscribebant3
969 1858 1041 1917 hine
1058 1859 1147 1918 etiam

65 1962 137 2006 suos
153 1944 249 2004 libros
265 1942 306 2005 eb
327 1959 432 2003 eorum
450 1943 646 2004 eminentiam
663 1944 729 2002 Deo
747 1950 781 2003 ut
799 1945 916 2004 auctori
936 1943 1148 2005 attribuerunt.

67 2032 209 2095 Christus
223 2047 298 2092 vero
320 2047 356 2091 ac
379 2029 516 2107 Apostoli
538 2046 605 2090 sese
625 2029 803 2091 Judaeorum
825 2030 962 2108 opinioni
980 2047 1148 2094 accommo-

66 2117 178 2189 dando,
191 2116 271 2179 hanc
284 2117 385 2177 ideam
397 2117 493 2176 secuti
510 2121 590 2177 sunt.

101 2206 188 2282 neap.
204 2201 356 2279 Antiquos
368 2202 514 2263 ilebraeos
526 2220 587 2262 non
599 2218 637 2263 eo
654 2218 744 2263 sensu
756 2221 826 2264 sues
842 2203 949 2264 Libros
961 2220 1062 2265 sacros
1074 2202 1149 2263 dioi-

64 2308 117 2353 noa
127 2289 242 2350 dixisse
253 2289 365 2367 liquet,
383 2306 443 2348 non
457 2289 612 2349 dumtaxat
624 2307 661 2350 ex
674 2307 799 2350 numero
812 2288 864 2361 55,
878 2290 932 2350 sed
946 2290 1037 2350 etiam
1049 2307 1086 2350 ex
1102 2292 1148 2352 Fi.

66 2376 200 2458 ioscpho
219 2375 268 2453 (i.
292 2376 307 2435 i
329 2380 409 2436 cont.
431 2376 621 2456 Apionern),
643 2384 675 2437 et
699 2392 738 2437 ex
759 2377 887 2437 Philone
909 2374 954 2453 (l.
980 2377 999 2435 i
1021 2377 1059 2436 de
1078 2377 1149 2438 Vita

66 2464 214 2545 Moysis),
228 2462 284 2539 qui
295 2463 503 2523 auctoritatem
519 2462 653 2523 divinam
670 2462 830 2523 Librorum
842 2480 995 2523 sacrorum
1006 2463 1150 2527 adcurate

66 2549 266 2621 definierunt,
280 2547 421 2624 idemque
431 2547 568 2608 iecerunt
580 2556 717 2609 auctores
728 2548 892 2610 Talmudis.

103 2634 260 2698 caetemm
274 2632 301 2693 si
319 2632 456 2695 Christus
473 2640 504 2693 et
519 2634 656 2711 Apostoli
678 2652 711 2694 se
728 2633 799 2694 huic
816 2635 992 2695 iudaeorum
1014 2636 1150 2713 opinioni

67 2718 359 2789 accommodassent,
376 2736 436 2777 non
450 2720 650 2799 appellassent
660 2722 768 2781 Libros
780 2738 880 2781 sacros
893 2722 1003 2780 veteris
1014 2722 1151 2784 Foederis

68 2808 181 2885 scripta
195 2805 301 2866 divina
320 2811 351 2864 et
369 2805 489 2864 oracula
506 2806 634 2885 Spiritus
648 2807 760 2876 saneti,
780 2824 867 2867 secus
884 2808 965 2866 enirn
983 2808 1105 2869 iudaeos
1118 2810 1150 2870 in

68 2910 122 2955 sua
129 2908 258 2954 erronea
266 2893 416 2952 sententia
423 2889 830 2954 confirmassentetGentiles
837 2894 868 2953 in
877 2911 943 2955 ema
951 2894 1149 2959 induxissent.

106 2978 245 3058 Apostoli
259 2977 394 3038 insensu
406 2977 644 3037 testimoniorum
657 2977 770 3039 Christi
783 2979 821 3039 de
836 2980 1030 3057 inspiratione
1043 2983 1152 3043 Libro-

70 3082 141 3125 rum
155 3081 309 3125 sacrorum
321 3061 499 3123 hallucinari
512 3080 573 3120 uon
590 3069 766 3138 potuerunt;
784 3066 947 3124 clarissima
960 3069 1039 3124 eninr
1053 3075 1083 3126 et
1095 3070 1152 3128 nti·

72 3151 156 3211 nime
176 3150 329 3227 aequivoca
350 3156 452 3219 orant3
475 3165 568 3226 quare
590 3148 682 3206 etiam
699 3166 760 3207 non
782 3150 967 3209 solummodo
989 3151 1068 3226 apud
1088 3155 1151 3212 ile·

72 3236 187 3309 loraeos,
207 3235 263 3297 sed
280 3237 372 3297 etiam
389 3235 468 3315 apud
488 3234 647 3304 Ethnicos,
667 3236 746 3313 apud
767 3252 842 3312 quos
861 3235 1096 3296 accommodatio
1113 3239 1151 3299 ad

69 3331 252 3401 praetensam
265 3321 441 3382 iudaeorum
453 3322 625 3401 opinionem
638 3328 749 3400 praeter
759 3338 826 3380 rem
836 3338 955 3398 prorsus
970 3321 1088 3392 luisset,
1102 3322 1151 3382 Li·

71 3408 134 3470 bris
150 3410 246 3471 sacris
262 3408 375 3470 veteris
390 3407 525 3467 Foederis
541 3415 575 3466 ut
591 3407 761 3467 indubitate
779 3407 889 3468 divinis
906 3415 1031 3469 utuntur
1051 3410 1062 3486 (
1071 3410 1148 3468 coni.

69 3510 101 3553 n.
114 3493 183 3573 55).
196 3495 310 3574 Opinio
329 3494 434 3553 isthaec
452 3494 575 3572 insuper
593 3494 709 3556 directe
728 3495 890 3574 opponitur
906 3512 997 3573 acopo
1010 3498 1047 3555 D.
1065 3497 1150 3557 Pauli

71 3580 288 3652 llTimoth.5‚
303 3581 452 3657 lt-l7(n.
466 3580 530 3657 53).

73 3725 129 3801 ΚΙΧ.
137 3753 169 3767 ·-
178 3730 214 3778 lle
223 3729 307 3779 niem
315 3729 342 3778 in
350 3729 487 3789 scribendo,
498 3728 661 3792 praecientia,
670 3730 696 3778 ct
705 3731 779 3779 certia
786 3731 864 3779 modis
874 3730 989 3794 loquendi
1000 3729 1150 3793 Scriptura!

362 3811 496 3847 sacrormu.
510 3800 546 3846 De
557 3800 688 3861 impiorum
698 3802 861 3850 sermonibus.

11 3904 17 3925 ⁹
81 3930 161 4017 ΑΒ.
171 3932 237 4013 Otj.
249 3932 417 4010 Scriptores
427 3931 505 3992 sacri
515 3930 547 3991 in
557 3931 725 3992 scribendis
736 3934 797 3993 suis
807 3933 901 4002 libris,
913 3933 1006 4003 aiunt,
1020 3934 1150 4012 plerum·
1236 3918 1240 3927 ’

73 4016 336 4093 minander-unu
347 4024 451 4079 auctor
462 4019 544 4078 enim
555 4019 581 4077 il
597 4019 695 4079 aliach.
708 4018 758 4094 (i,
771 4020 823 4095 ii)
835 4039 842 4078 :
854 4040 869 4075 «
885 4024 915 4078 et
928 4019 1014 4080 nobis
1027 4022 1150 4099 quidem

77 4114 98 4175 ι,
107 4100 193 4183 ipsis,
212 4103 332 4185 inquit,
349 4104 404 4184 qui
419 4103 479 4167 hoe
495 4121 569 4187 opus
586 4104 746 4169 breviandi
765 4123 854 4170 eausa
871 4108 1068 4185 suscepimus.
1088 4122 1149 4168 non
