2708 4846
143 427 189 476 etih
588 423 787 475 colichb'slo.

145 522 245 601 palam
258 520 370 581 iaciant
390 534 424 580 se
442 519 501 579 Dei
518 516 688 578 doctrinam
697 514 796 577 divini
808 513 857 575 sni
869 513 1015 592 magistri
1025 513 1116 592 jussu
1124 518 1223 595 predi

145 622 230 678 care,
252 613 433 683 tempusque
456 602 665 665 conversionis
684 601 777 660 totins
793 598 879 659 orbis
901 598 1084 661 advenisse.
1102 602 1223 663 llloero

144 691 312 751 Gentilium
322 691 431 768 religio
444 688 617 749 fedissimis
629 685 867 766 turpitudinibus
878 685 1100 762 coinquinata,
1110 704 1225 767 perrerb

143 776 185 838 sis
197 777 353 836 hominum
369 775 528 835 aflectibus
539 774 670 832 maxime
682 771 810 832 favebat.
822 768 944 829 Christi
956 787 1034 830 vero
1051 771 1224 835 divinadee

144 863 225 922 trina
243 869 363 922 austera
383 861 486 940 pravis
498 856 656 918 hominum
676 856 866 936 passionibus
879 857 1099 918 inimicissima
1111 869 1181 921 erat
1190 861 1224 922 tr

144 957 246 1007 tamen
269 947 432 1008 duodecim
453 946 500 1005 illi
520 942 702 1024 piscatores,
716 943 813 1021 gratia
834 943 894 1001 Dei
915 942 1034 1019 adjuti,
1052 947 1224 1025 persam

144 1033 333 1102 Gentilibm,
347 1040 379 1091 et
390 1049 452 1092 non
464 1031 560 1090 solmn
570 1030 705 1109 plebeis,
715 1027 770 1088 sed
789 1027 883 1086 etiam
896 1027 1079 1102 nobilibus,
1089 1034 1223 1112 principi-

143 1117 201 1178 bus
213 1135 248 1178 ac
259 1117 458 1198 philosophis,
468 1124 502 1176 nt
513 1116 633 1176 facilem
642 1133 727 1174 suam
738 1112 922 1190 religionem
933 1115 1096 1191 abjurent,
1106 1126 1138 1178 et
1147 1138 1222 1181 seve

143 1220 208 1263 ram
219 1203 332 1266 Christi
343 1203 526 1281 religionem
534 1201 767 1280 amplectentum
777 1199 966 1274 persuadent
976 1201 1108 1274 ludaris,
1118 1207 1222 1267 utreli·

141 1291 267 1369 gionem
292 1288 421 1357 alitam,
440 1305 507 1364 quae
529 1294 573 1347 tot
595 1286 713 1346 saeculis
733 1283 812 1361 apud
827 1284 899 1344 illos
913 1293 1065 1357 steterat,
1076 1288 1219 1359 deceant,

144 1383 176 1434 et
187 1383 222 1434 ut
238 1376 352 1443 virum,
373 1390 465 1450 quem
481 1379 516 1431 ut
531 1372 733 1431 facinorosum
751 1371 782 1428 in
800 1387 928 1430 crucem
939 1381 1085 1448 egerant,
1100 1384 1130 1434 ut
1139 1394 1218 1437 suum

142 1462 241 1521 Deum
253 1461 396 1528 adorent,
412 1466 636 1536 agnoscantque
648 1465 683 1516 ut
698 1457 788 1517 istum
804 1457 952 1517 Messinm
966 1476 1065 1535 quem
1073 1461 1216 1539 Pmphetae

143 1553 188 1607 tot
199 1545 311 1605 abhinc
323 1544 443 1604 saeculis
452 1543 671 1623 praedixerant,
681 1551 713 1603 et
724 1560 815 1620 quem
826 1543 886 1622 ipsi
901 1544 1013 1605 tandin
1023 1556 1215 1626 expectarant,

142 1632 281 1708 votisque
298 1630 439 1689 omnibus
459 1629 658 1707 expetierant.
676 1630 714 1688 Et
732 1645 770 1687 en
782 1629 930 1689 mumdum
943 1634 1217 1702 conversumsaln·

143 1718 322 1793 tileramque
340 1716 398 1775 Dei
418 1715 623 1792 cognitionem
639 1731 676 1773 ac
691 1714 790 1793 legem
807 1714 931 1792 popidis
951 1718 1098 1779 omnibus
1111 1719 1216 1789 adeas,

143 1803 341 1879 &vinumque
355 1800 515 1862 consilimn
531 1799 655 1878 plenum
672 1817 758 1859 suum
770 1798 914 1858 ellectum
926 1802 1087 1863 sortitum!

180 1887 365 1949 lncredibile
385 1885 538 1946 diceretur
555 1893 616 1944 tam
628 1884 773 1956 arduum,
793 1891 1007 1966 tamvastnm,
1028 1897 1147 1968 umqm
1156 1909 1215 1970 por.

42 1965 53 1987 '
142 1981 293 2034 tentosum
305 1988 406 2051 opusa
418 1971 580 2033 duodecim
588 1971 663 2030 viris
675 1970 824 2047 imperitis
837 1973 1018 2033 executioni
1029 1992 1097 2036 erse
1108 1978 1215 2038 manda

142 2067 216 2120 tum.
235 2059 297 2119 Sed
308 2058 381 2135 quid
392 2059 457 2117 Deo
479 2057 690 2135 impossihile?
702 2077 718 2111 o
728 2056 804 2131 Quae
816 2056 909 2116 stulta
927 2067 1002 2120 sunt
1014 2062 1118 2122 mundi
1135 2064 1215 2143 elegit

144 2143 277 2202 »Deusu
290 2141 333 2199 ait
344 2143 457 2200 Doctor
468 2139 628 2207 Gentium,
642 2159 658 2194 u
668 2145 701 2196 ut
715 2136 879 2197 contundat
892 2141 1063 2220 sapientem
1073 2145 1214 2206 etinhnm

144 2228 276 2288 »mundi
289 2226 384 2303 elegit
407 2227 504 2294 Deus,
526 2234 560 2283 ut
572 2223 735 2285 contundat
747 2223 853 2283 tortia:
877 2233 909 2284 et
927 2226 1098 2304 ignobilia,
1109 2240 1140 2291 et
1153 2250 1215 2294 con·

143 2310 359 2387 »temptibilia
380 2309 475 2384 elegit
494 2310 576 2368 Deris
586 2352 594 2378 ,
605 2339 609 2347 ι
619 2316 650 2367 et
663 2326 717 2378 ea,
730 2325 799 2386 que
811 2325 873 2368 non
891 2319 976 2380 sunt,
987 2320 1024 2373 ut
1035 2331 1072 2374 ea
1083 2324 1214 2392 qrmsnnt

143 2396 358 2457 »destrueret¹.
367 2415 383 2449 u
393 2394 523 2453 blundus
534 2411 699 2454 conversus
711 2402 775 2465 est,
789 2395 903 2459 Christi
914 2398 1106 2461 salutiferam
1116 2402 1214 2464 docui

140 2497 211 2540 nam
231 2479 386 2557 amplexus
398 2484 461 2548 est,
475 2485 507 2537 et
519 2477 578 2538 hoc
595 2479 763 2539 elieeerunt
779 2480 942 2542 duodecim
965 2485 1030 2545 viri
1047 2487 1211 2566 piscatores,

140 2566 230 2628 rudes
241 2611 249 2636 ‚
262 2565 400 2625 illiterati
415 2582 450 2626 ae
463 2564 629 2643 ignobiles,
641 2566 695 2626 sed
711 2567 821 2645 spiritu
832 2568 891 2627 Dei
904 2569 1011 2647 pleni,
1025 2582 1057 2633 et
1067 2574 1098 2634 in
1107 2573 1212 2653 legatos

140 2651 274 2731 supremi
283 2651 424 2710 Nmninis
435 2650 582 2711 divinitus
591 2652 810 2713 transformati!

175 2740 273 2815 Quam
285 2737 425 2816 pulchri,
441 2753 531 2815 qnam
544 2739 687 2816 pretiosi,
709 2757 798 2816 quam
810 2740 913 2801 stridio
927 2743 1122 2807 Clerieorum
1137 2747 1212 2826 digni

140 2831 209 2884 sunt
219 2825 298 2884 sacri
311 2824 357 2882 illi
368 2823 441 2883 libri
450 2823 565 2884 veteris
589 2823 725 2885 Foederis
737 2869 746 2895 ,
760 2826 871 2903 quibus
886 2829 969 2889 Deus
983 2838 1030 2891 tot
1043 2833 1163 2893 oracula
1175 2834 1214 2892 in·

139 2909 249 2977 seruit,
272 2909 359 2988 queis
380 2909 544 2986 collapsrmr
565 2925 661 2986 genus
681 2911 841 2970 humanum
866 2911 899 2971 in
922 2919 1027 2993 spem,
1052 2916 1214 2997 firmamque

10 3027 14 3035 ›
139 2993 231 3054 iidem
241 2994 273 3054 in
286 2995 511 3074 redemptorem
524 2994 678 3054 hominum
691 3004 762 3056 ante
775 2995 840 3074 ejus
852 2998 1021 3062 adventrnn
1032 3021 1214 3084 sempermo-

138 3078 186 3157 gis
197 3079 353 3156 magisque
363 3080 515 3158 erigeret!
539 3082 577 3139 Et
588 3097 678 3157 marn
689 3082 856 3142 venerandi
868 3127 877 3152 ,
891 3084 1005 3146 diurna
1017 3100 1214 3169 noctiumque

138 3162 328 3225 Clerieorum
353 3183 444 3225 manu
464 3166 605 3225 versandi
627 3174 697 3226 sunt
719 3167 791 3225 libri
814 3170 893 3227 sacri
920 3173 998 3231 novi
1020 3174 1214 3246 ferdensis

138 3250 248 3326 quibus
257 3249 324 3310 haec
333 3251 438 3310 divina
450 3251 570 3311 oracula
582 3250 763 3331 adimpleta,
775 3255 910 3331 cognitio
921 3258 1070 3320 salumris
1079 3264 1145 3323 veri
1155 3264 1213 3330 bei,

138 3336 261 3417 ejusque
274 3334 378 3395 divina
389 3334 453 3404 lex,
476 3336 619 3413 gentibus
631 3338 772 3398 omnibus
782 3340 889 3399 adlatae
902 3359 972 3403 esse
984 3344 1146 3424 leguntur,
1158 3366 1215 3427 qna

138 3419 219 3478 viam
231 3417 269 3477 ad
280 3433 383 3476 veram
394 3416 573 3476 felicitatem
583 3418 759 3481 hominibus
769 3421 921 3500 pandunt!

174 3503 314 3566 Alterum
325 3501 554 3561 incitamentum
566 3502 604 3562 ad
622 3504 755 3564 studium
770 3507 935 3585 Scripturae
946 3527 1047 3572 saerae
1060 3517 1216 3596 astiagem

136 3585 224 3664 hujus
236 3586 328 3646 studii
344 3588 518 3646 necessitas.
531 3589 608 3651 Cum
621 3589 775 3668 Scriptura
786 3608 871 3651 sacra
881 3595 1043 3658 contineat
1057 3601 1215 3662 doctrinan

94 3731 100 3737 .
136 3675 345 3734 noitraesaero
360 3681 472 3732 sanctae
490 3673 664 3751 religionis,
678 3677 1002 3758 pseudo-philosophi,
1030 3703 1089 3745 seu
1112 3689 1215 3749 Dcistae

136 3768 307 3820 nostrorum
330 3766 519 3837 temporum,
538 3777 655 3821 severae
672 3780 790 3821 morum
816 3764 987 3840 doctrinae,
1003 3773 1214 3852 notionemque

136 3844 405 3922 supernaturalium
428 3844 562 3913 inimici,
580 3847 706 3907 assultus
726 3866 931 3926 quoscumque
958 3853 993 3913 in
1014 3856 1119 3919 biblia
1140 3876 1215 3920 sacra

137 3928 289 3997 iecerunt,
299 3929 446 3990 malentes
459 3946 571 4010 negare
586 3947 621 3992 ac
631 3931 806 4010 impugnare
815 3941 967 3996 austeram
979 3937 1106 4002 illormu
1115 3942 1215 4005 doctri-

169 4032 316 4086 ¹1cortnta
329 4039 450 4096 ’,ετ-Ἀ
