2708 4846
148 493 193 543 {60
552 488 596 535 DE
616 483 818 535 ΑΗΤΗΕΝΤΙΑ

147 587 263 647 Auctor
273 575 477 643 Ecclesiastiei
489 578 542 650 te,
554 579 584 650 6,
598 579 679 639 LXX
696 578 895 656 Interpretes,
905 572 1016 632 versio
1027 566 1167 640 Arableafi
1176 576 1200 633 et

145 671 191 733 Fi.
201 669 349 749 Josephus
359 668 462 745 Antiq.
471 667 503 743 (l.
513 667 542 736 t,
553 684 581 730 e.
591 667 629 741 l),
637 665 750 745 pariter
757 663 891 723 referunt
900 655 1197 738 istampluviamluiatt

146 756 278 833 ingentis
290 752 456 831 grandinis.
476 752 656 812 ltliraeulosa
668 757 769 810 tamen
781 748 853 819 luit,
866 763 934 809 eum
945 745 1088 828 plurimos
1098 740 1194 807 cam

145 859 228 905 naeos
241 841 407 911 occiderit,
422 840 545 901 Judaeos
556 854 698 901 veronen
710 836 833 898 laeserit.

441 990 922 1060 sxxmx.-saaosutssuotosua.
959 1060 963 1073 Ι

190 1155 260 1209 ilat.
272 1157 336 1214 Jos.
350 1153 396 1223 ld,
419 1152 514 1221 tait,
524 1151 651 1230 legitur,
666 1152 789 1211 Josuam
801 1155 937 1228 tempore
947 1144 1047 1226 praelii
1057 1140 1191 1227 prope&

145 1238 225 1300 baon
240 1240 351 1300 dixisse
368 1259 374 1297 :
391 1260 405 1295 a
421 1240 472 1299 Sel
483 1247 586 1300 contra
598 1238 723 1299 Gabaon
744 1254 784 1297 ne
796 1234 961 1307 movearis,
974 1241 1006 1295 et
1017 1234 1099 1293 Luna
1111 1238 1189 1294 centn
1223 1280 1232 1329 ⁸

147 1342 162 1381 o
176 1325 286 1385 vallem
307 1325 427 1385 Aialon.
440 1326 654 1401 steterintque
673 1323 718 1382 sol
732 1329 763 1381 et
772 1323 856 1392 luna,
867 1320 965 1381 donec
976 1319 1159 1380 ulciscemur
1165 1330 1189 1377 st

146 1426 163 1464 a
175 1425 250 1486 gens
260 1409 299 1469 de
309 1410 441 1470 inimicis
451 1410 636 1470 suisNenne
646 1408 844 1486 scriptumest
854 1405 952 1467 hocin
960 1400 1190 1465 librodmtomal

145 1512 162 1549 n
175 1494 265 1554 Stetit
282 1496 384 1572 itaque
404 1494 449 1555 sol
465 1495 497 1553 in
517 1493 619 1552 medio
639 1493 726 1563 coeli,
741 1500 772 1551 et
789 1509 850 1551 non
867 1490 1023 1551 festinavit
1039 1488 1189 1551 occumbat
1230 1568 1232 1573 Ι

146 1597 163 1635 o
176 1580 273 1658 spatio
285 1581 373 1640 unius
383 1579 456 1639 diei.
467 1581 534 1639 Non
543 1577 600 1636 luit
610 1585 699 1637 antea
708 1593 765 1637 nee
775 1583 879 1656 postea
887 1576 1048 1654 tamlonga
1057 1571 1189 1645 diesobt·

146 1681 162 1720 n
175 1665 277 1725 diente
287 1666 415 1725 Domino
430 1664 498 1725 voei
510 1661 650 1722 hominis.
665 1683 680 1717 n

182 1752 253 1806 tlt.
271 1753 372 1812 Prima
390 1751 551 1811 sententia.
571 1750 686 1810 Omnes
706 1755 826 1808 veteres
844 1749 1040 1826 interpretes,
1054 1757 1189 1821 omnesque

144 1838 259 1914 antiqui
281 1838 400 1911 Patres,
413 1837 497 1916 juxta
514 1853 576 1897 suae
593 1834 794 1915 philosophiae
808 1834 918 1912 placita
929 1833 1135 1901 existimantes,
1143 1838 1189 1891 ttr-

142 1937 295 1983 ramesse
321 1931 459 1984 centrum
480 1921 650 2000 systematis
673 1920 851 1999 planetarii,
874 1919 1030 1996 solemque
1039 1914 1188 1994 juxaillau

142 2004 259 2080 girare,
274 2006 376 2063 Josuae
390 2013 503 2064 textum
516 2020 573 2081 per
583 2003 697 2062 realem
706 2001 866 2062 stationem
875 2000 946 2061 solis
957 2008 989 2060 et
995 2001 1076 2060 lunae
1085 1996 1190 2077 expiet

142 2097 227 2161 runt,
250 2097 285 2149 ut
306 2091 441 2149 Justinus
466 2090 561 2164 (Dial.
583 2106 652 2148 eum
669 2087 863 2166 Tryphone),
878 2086 1083 2148 Tertullianus
1093 2085 1153 2164 (lib.
1161 2078 1189 2143 dt

140 2172 263 2252 jejuniis
277 2193 304 2234 c.
317 2174 388 2252 10),
400 2175 603 2252 Hieronymus
612 2173 685 2248 (lib.
696 2173 827 2233 ieontra
840 2172 1027 2249 lovinion),
1038 2170 1190 2249 chrymte

141 2259 320 2335 mustllom.
330 2262 365 2318 27
376 2261 408 2319 in
417 2262 473 2338 Ep.
481 2259 643 2335 adllebr.)‚
652 2260 834 2337 Augustinus
840 2258 891 2336 (de
899 2252 1188 2331 Civit.Deili,c.8i

142 2342 353 2404 Theodoretus
367 2346 495 2422 (Quasst.
509 2344 544 2403 ll
553 2346 586 2403 iu
598 2346 689 2424 Jos.),
701 2352 759 2404 ete.

178 2428 292 2487 Verum
305 2446 373 2490 eum
388 2429 440 2488 diu
452 2437 583 2501 constet,
597 2430 692 2490 solem
706 2445 772 2489 csse
786 2434 922 2489 centrum
933 2430 1102 2506 systematis
1109 2428 1191 2510 plane·

141 2513 229 2582 tarii,
250 2521 422 2591 terramque
442 2515 523 2574 cirea
541 2515 626 2574 illum
648 2514 747 2586 volui,
763 2515 885 2592 praelata
900 2522 999 2576 textus
1008 2517 1108 2577 Josue
1118 2509 1192 2593 expi-

142 2601 221 2660 catio
235 2618 303 2660 eum
316 2608 476 2678 systemate
490 2603 646 2663 Ptolomaei
656 2602 769 2663 dudum
779 2601 935 2681 disparuit.

179 2687 250 2741 tta.
266 2687 403 2747 Secunda
418 2687 578 2747 sententia.
593 2688 768 2750 Communis
783 2689 884 2764 itaque
898 2688 975 2748 faeta
989 2695 1037 2750 est
1048 2684 1192 2753 sententiat

140 2769 262 2831 Josuam
273 2771 406 2833 locutum
420 2788 485 2832 esse
499 2771 537 2832 de
552 2774 708 2851 apparenti
718 2773 800 2845 solis,
814 2781 845 2832 et
855 2772 893 2833 de
902 2773 979 2834 reali
992 2772 1193 2835 terraeaelunt

140 2856 284 2928 statione,
306 2873 343 2916 eo
362 2857 443 2934 quod
463 2856 508 2916 sol
529 2859 618 2919 nohis
636 2859 758 2918 videtur
777 2859 845 2917 loeo
861 2858 993 2930 moveri,
1006 2859 1080 2919 lieet
1091 2856 1194 2919 realiter

139 2949 295 3002 moveatur
315 2942 404 3002 tellus
425 2942 675 3019 quemadmodum
698 2946 729 3003 in
748 2946 818 3004 navi
840 2944 981 3004 existenti
1000 2944 1141 3009 videntur
1155 2941 1194 3003 lit·

139 3031 219 3099 tora,
235 3033 310 3099 ete,
321 3026 482 3097 recedere,
494 3028 629 3105 quamvis
638 3045 744 3108 reapse
759 3030 1032 3092 moveaturnavis:

251 3183 255 3190 '
335 3187 477 3235 Deserimus
487 3186 584 3249 portus,
595 3187 717 3249 sylvaeque
728 3187 849 3248 urbesque
857 3187 984 3236 recedunt.

162 3330 275 3407 ,Atque
289 3331 331 3390 ita
344 3331 516 3393 Astrenomi
528 3333 560 3391 in
572 3333 633 3393 suis
647 3331 909 3412 Eplremeridibus,
922 3339 953 3392 et
966 3334 1021 3393 n'os
1031 3332 1065 3392 in
1074 3344 1197 3394 serment

138 3415 312 3492 quotidiano
326 3414 473 3477 dicimus:
494 3418 544 3478 Sol
561 3418 666 3490 oritur,
677 3418 797 3488 oceidit,
810 3425 879 3486 ete,
892 3417 965 3477 lieet
974 3432 1198 3495 persuasurum

138 3498 185 3561 bis
204 3507 264 3571 est,
278 3500 374 3560 solem
392 3500 458 3561 loeo
474 3520 534 3561 non
552 3505 685 3575 moveri,
698 3505 778 3563 bene
791 3520 863 3564 vero
877 3502 1026 3562 tellurem.
1042 3505 1198 3583 atmaqra

137 3584 207 3647 lruie
226 3587 421 3666 explicationi
439 3598 629 3668 opponuntur
647 3587 836 3650 difficultates
848 3595 912 3648 tutu
923 3605 940 3649 a
952 3588 1081 3661 Deistis,
1097 3586 1198 3650 tumdt

136 3671 353 3752 interpretibus
364 3673 437 3732 alias
447 3676 611 3736 sententias
621 3675 826 3752 sequentibus.

174 3757 240 3837 obj.
263 3757 293 3816 l⁰
313 3758 423 3832 Aiunt,
434 3757 518 3835 juxta
536 3760 684 3820 theoiiam
699 3761 736 3820 D.
749 3761 878 3821 Newton
891 3776 1018 3839 eorpora
1030 3760 1163 3823 eoelestia
1173 3758 1199 3819 io

95 3910 99 3919 ¹
136 3852 297 3916 systemate
314 3845 483 3924 planetario
500 3854 584 3907 motu
600 3864 653 3907 suo
669 3845 744 3906 adeo
760 3846 819 3907 sihi
831 3845 971 3925 colligata
980 3855 1065 3921 sunt,
1078 3856 1200 3908 utinum

137 3928 231 3989 solum
245 3931 283 3991 ad
295 3930 428 4009 quietem
441 3931 523 4011 adigi
532 3951 593 3992 non
604 3932 711 4012 possit,
722 3933 795 4010 quin
804 3938 915 3993 caetera
929 3933 1030 3993 omnia
1041 3931 1076 3995 id
1086 3948 1201 4014 persen·

136 4012 229 4086 tiant,
243 4023 396 4094 totumque
411 4024 539 4097 systema
551 4019 750 4097 planetarium
759 4019 936 4080 destruatun

173 4098 205 4158 2⁰
222 4099 254 4160 Si
266 4101 371 4183 tellus,
388 4119 455 4181 qucc
470 4103 576 4182 quovis
595 4102 786 4166 minuto·⁴00
801 4104 904 4167 leucas
919 4103 1055 4182 conficit,
1070 4106 1200 4190 rapidum
