2708 4846
153 480 186 538 te
296 476 299 480 ’
592 487 785 541 brennone

190 579 225 642 m
235 546 413 642 Prodamne
426 577 458 640 sn
467 579 627 641 nanterum
642 583 685 643 an
701 582 1075 661 resuscitaremur
1088 578 1228 645 «nanta

154 687 172 726 o
184 666 263 746 apud
283 667 429 728 Hebraeos
448 683 507 727 nec
531 667 674 730 Susannae
690 669 784 730 habet
807 669 976 742 historiam,
998 687 1057 733 nce
1078 668 1228 749 hymnam

154 773 171 811 »
182 754 274 813 trium
285 769 461 832 puerorum,
473 769 532 814 nec
542 753 623 815 Belis
633 756 838 834 Dmeonisque
851 755 974 816 fabulas.
986 776 1002 811 o

188 837 446 909 verumetiam,
459 855 486 900 c.
497 837 530 911 9,
542 839 700 920 Apologiae
714 840 855 902 adversus
864 839 1018 912 Rufinum,
1034 840 1124 913 dicit,
1138 841 1227 903 scita

150 925 285 988 locutum
297 940 363 985 esse
380 941 418 984 ex
429 923 603 984 iudaeorum
619 926 787 986 sententia:
802 947 818 983 o
833 926 913 1004 quod
927 934 1028 987 autem
1043 926 1158 999 relero,
1176 927 1226 987 in·

153 1032 169 1071 o
185 1013 264 1090 quit,
276 1009 349 1089 quid
360 1008 518 1070 advorsum
527 1011 669 1072 Susannae
679 1011 846 1084 historiam,
858 1011 1042 1091 ethymnum
1050 1011 1141 1072 trium
1150 1028 1226 1089 pue·

152 1117 296 1171 orarum,
310 1104 342 1159 et
351 1096 433 1158 Belis
441 1096 648 1175 Draconisque
657 1097 781 1169 tabulas,
793 1115 860 1176 quae
869 1097 902 1158 in
912 1097 1067 1159 volumine
1077 1098 1224 1159 hebraico

152 1204 241 1247 onon
259 1185 421 1254 habentur,
435 1183 559 1244 Hebraei
573 1184 691 1245 soleant
703 1184 821 1257 dicere,
832 1185 884 1262 qui
896 1201 946 1244 me
963 1184 1140 1246 criminatur
1151 1185 1225 1245 stul·

151 1280 259 1345 utum,
271 1288 305 1333 se
319 1260 536 1349 sycophantem
553 1266 832 1350 (calumniatorem)
842 1271 965 1350 probat3
983 1272 1139 1331 nonenim
1149 1272 1224 1349 quid

153 1375 166 1415 o
180 1359 246 1439 ipsc
254 1357 409 1427 sentirem,
420 1354 474 1417 sed
484 1354 557 1434 quid
566 1355 613 1416 illi
623 1362 728 1418 contra
738 1373 793 1417 nos
803 1356 908 1418 dicere
918 1356 1027 1430 solent,
1038 1357 1222 1436 explicavi.»

149 1442 236 1507 Coni.
246 1463 278 1505 n.
290 1443 355 1503 571⁸.

185 1529 356 1593 Concilirmr
366 1526 571 1588 Laodicenum
585 1543 693 1589 revera
703 1527 798 1589 libms
809 1527 1098 1589 deuterocanonicos
1107 1528 1223 1590 veteris

147 1616 285 1678 Foederis
293 1617 326 1674 in
335 1631 388 1674 suo
399 1613 524 1675 Canone
531 1629 594 1673 non
603 1620 743 1674 recenset
748 1632 756 1685 ;
770 1615 824 1676 sed
835 1615 867 1674 id
880 1614 994 1675 evincit
1002 1614 1221 1687 tantummodo,

147 1702 206 1764 hoc
224 1699 396 1764 Concilium
413 1697 545 1759 noluisse
565 1698 679 1776 eodem¹
692 1698 760 1760 loco
781 1715 895 1779 ponere
912 1699 1022 1769 libros,
1038 1697 1078 1759 de
1094 1716 1223 1776 quorum

146 1787 325 1850 auctoritate
335 1783 487 1844 nonnullae
496 1783 641 1845 Ecclesiae
650 1784 847 1863 particulares
855 1783 954 1846 adhue
963 1772 1222 1856 dubitabantnou

145 1893 219 1938 vcro
232 1873 313 1955 quod
324 1872 508 1952 judicaverit
522 1871 615 1933 hosce
628 1870 724 1933 libros
742 1889 804 1933 non
817 1889 882 1934 esse
895 1889 1009 1934 sacram
1024 1872 1220 1951 Scripturam·

182 1961 314 2024 Aliunde
325 1961 384 2023 boc
394 1958 579 2032 Concilium,
590 1959 794 2019 circa'annmn
803 1956 917 2021 Christi
931 1959 1012 2018 blla
1023 1958 1134 2037 viginti
1145 1958 1221 2019 duo-

145 2048 202 2109 bus
214 2045 363 2126 episcopis
373 2043 572 2116 celebratum,
582 2051 697 2105 tantum
707 2052 753 2105 est
761 2046 952 2124 particulare.
958 2047 1109 2106 Recenset
1120 2051 1221 2105 autem

145 2148 185 2192 ex
197 2149 275 2191 novo
285 2131 479 2191 Testamenta
490 2145 594 2189 omncs
604 2129 700 2190 libros
709 2129 761 2207 qui
772 2132 963 2212 reperiuntur
976 2131 1009 2191 in
1026 2136 1142 2191 canone
1152 2131 1222 2191 Tri·

144 2216 286 2287 dentino,
300 2212 363 2274 sola
375 2212 558 2291 Apocalypsi
570 2220 706 2293 excepta.

180 2305 226 2364 Ex
233 2303 340 2364 harum
358 2298 568 2360 difficultatum
582 2300 732 2361 solutione
748 2296 858 2377 liquet,
874 2302 995 2363 Judacos
1009 2319 1044 2363 ac
1056 2301 1220 2363 nonnullos

144 2392 283 2469 antiquos
297 2390 399 2448 Patres
418 2386 449 2445 in
464 2386 526 2446 suis
537 2385 711 2448 Canonibus
727 2385 891 2448 discrimen
907 2389 1073 2450 instituisse
1088 2389 1171 2448 inter
1183 2389 1219 2447 li·

143 2478 215 2538 bros
223 2481 309 2556 proto
322 2490 356 2534 ac
367 2472 655 2534 donterocanonicos
663 2473 1003 2544 reterisl'oederis.'lllos
1013 2482 1113 2536 autem
1123 2475 1218 2537 hosce

142 2565 263 2624 rdtimos
278 2563 375 2621 libros
392 2567 426 2627 ut
444 2576 559 2629 sacram
574 2560 758 2639 scripturam
775 2577 837 2620 non
851 2561 1010 2633 habuisse,
1024 2561 1109 2621 nullo
1128 2578 1220 2640 argu-

142 2655 245 2710 mento
257 2646 423 2717 evincitur,
441 2646 533 2706 immo
543 2645 726 2706 contrarium
742 2645 883 2717 uidimus.
894 2648 958 2707 Etsi
972 2647 1063 2706 etiam
1076 2646 1218 2706 nonnulli

142 2738 246 2797 Patres
254 2734 293 2796 de
303 2733 423 2793 illorum
433 2733 610 2794 auctoritate
623 2731 824 2804 dubitassent,
836 2740 890 2805 aut,
900 2734 984 2795 varia
993 2734 1087 2794 variis
1096 2731 1129 2800 in
1139 2733 1217 2794 locis

134 2822 346 2900 scripsissent,
355 2817 421 2880 isaeo
431 2818 680 2898 principaliorum
694 2819 885 2900 pluriumque
894 2820 1100 2882 Ecclesiarum
1114 2828 1218 2881 aucto·

142 2907 224 2971 ritati
235 2906 361 2966 minime
373 2902 542 2967 officerent?

138 3038 156 3128 ς
166 3060 208 3109 rx.
219 3056 421 3108 -omruues
436 3057 560 3106 canonum
574 3056 646 3106 cone.
660 3057 774 3119 consp.
790 3067 848 3107 ann.
859 3058 905 3108 aar
919 3057 1023 3120 earam,
1038 3056 1178 3108 raooemur
1189 3059 1213 3119 r,

136 3139 139 3145 ·
443 3127 604 3190 Eugeniill',
617 3127 915 3187 ctfonciliil'ridcntini„

176 3259 228 3317 ai.
247 3257 312 3336 otj.
325 3256 355 3316 l⁰
368 3255 535 3327 Canenti,
551 3256 603 3333 qui
620 3272 658 3314 ex
667 3256 807 3317 Concilio
822 3252 1052 3335 Carthaginensi
1066 3257 1138 3315 anni
1156 3257 1211 3316 597

139 3344 296 3422 allegatur,
312 3341 401 3419 hujus
418 3341 540 3403 concilii
555 3358 617 3401 non
636 3348 697 3412 est,
715 3341 753 3401 ad
778 3340 869 3402 finem
883 3343 965 3403 enim
977 3342 1071 3422 hujus·=
1087 3344 1209 3403 concilii
1224 3344 1227 3349 ’

140 3431 251 3510 legitur
262 3446 270 3485 ι
283 3447 299 3483 a
312 3428 378 3488 Hoc
390 3428 482 3486 etiam
496 3426 580 3486 fratri
599 3435 631 3488 et
642 3429 849 3490 consacerdoti
864 3437 965 3491 nostre
977 3430 1147 3501 Bonilacio,
1159 3433 1212 3491 vel

140 3534 157 3572 o
169 3514 237 3575 aliis
250 3528 353 3572 earum
363 3512 493 3590 partium
511 3511 661 3592 episcopis
672 3515 850 3576 innoteseat.
867 3536 884 3572 a
903 3516 945 3574 At
963 3532 1040 3575 anno
1061 3515 1130 3587 597,
1149 3532 1209 3592 quo

138 3597 197 3658 hoc
210 3595 371 3659 concilium
381 3595 567 3655 celebratrmr
579 3605 639 3669 est,
653 3615 714 3660 non
723 3598 908 3672 Donilacius,
919 3600 973 3660 sed
982 3599 1107 3660 siricius
1118 3601 1206 3659 Rom.

138 3681 278 3742 Pontifex
287 3680 456 3742 luit-Hoc
467 3678 637 3742 Concilimn
649 3683 885 3764 carthaginense
899 3686 930 3744 in
941 3684 1065 3746 Canonc
1075 3685 1111 3744 tl
1121 3686 1205 3750 emite

139 3767 294 3828 titlibrum
301 3766 432 3838 Baruch,
442 3767 487 3826 uti
500 3775 531 3827 et
540 3767 646 3830 Codex
657 3786 805 3830 canonum
815 3769 959 3832 Ecclesiae
970 3771 1137 3834 Africanae,

171 3849 203 3910 2⁰
214 3853 374 3914 Decretum
385 3853 441 3912 sub
452 3852 564 3913 Gelasii
578 3854 700 3913 nomine
713 3857 845 3927 citatmn,
858 3854 968 3917 Cavaeo
976 3858 1111 3936 spurium
1121 3855 1207 3917 vide·

136 3940 196 4007 tur,
215 3937 286 4012 quia
300 3937 393 4017 aliqui
411 3937 528 4014 antiqui
540 3937 662 3999 codices
680 3938 713 3999 id
729 3941 766 4000 ll.
781 3942 814 4001 P.
829 3942 955 4003 Damaso
973 3942 1154 4012 attribuunt,
1173 3946 1205 4001 et

135 4019 280 4082 Baronius
289 4022 354 4102 ipse
362 4031 480 4103 partem
487 4022 575 4101 hujus
583 4023 699 4084 decreti
709 4026 888 4086 exconcilio
897 4028 954 4089 sub
961 4028 1087 4088 Damaso
1099 4027 1201 4086 refert.

136 4105 241 4174 Codex
249 4107 400 4175 lariensis
411 4109 489 4172 illud
498 4111 588 4190 Papae
605 4110 774 4181 llomnisdae
783 4112 902 4194 tribuit,
913 4121 947 4184 et
959 4111 1139 4179 aldhelmus
1154 4115 1203 4196 ip·
