2708 4846
140 421 188 469 5⁶0
550 419 591 466 DE
611 418 813 466 bunnensis

139 513 249 572 timore
261 509 443 589 productus,
457 509 510 588 qui
522 509 736 590 vampirorum
754 507 879 568 morbus
889 513 1016 569 vocatus
1029 506 1104 579 tuit,
1115 507 1212 586 quipe

138 594 674 674 inilungaria,MoraviaacPolonia
684 595 758 655 olim
765 600 915 673 grassatus
921 592 988 652 tint.
998 592 1211 659 nobborante

138 683 200 744 sibi
212 681 456 760 imaginabantur
471 688 605 742 mortuos
617 680 657 741 de
668 687 758 741 nocte
776 697 794 740 o
812 678 983 758 sepulchris
995 678 1038 741 ad
1056 680 1126 744 illos
1139 698 1213 745 acco·

138 766 228 839 dere,
248 766 381 846 ipsisque
401 767 580 846 sanguinem
599 783 617 825 e
635 766 722 826 venis
745 781 908 844 exsugam
929 764 1021 826 multi
1043 765 1106 829 boc
1125 768 1213 833 delirii

138 854 246 913 morbo
260 853 293 912 in
305 850 396 913 dictis
406 853 584 930 regionibus
595 852 706 911 mortui
718 858 797 912 sunt.

175 937 292 1000 Verum
309 938 432 999 morbus
448 939 506 1000 iste
524 955 635 1018 paucas
651 937 806 999 dumtaxat
821 937 965 1015 regiones
976 939 1126 1013 nutavit,
1138 938 1214 1006 bdu-

138 1021 874 1102 quaquavampiricredebanturspectra,dictis
884 1022 1214 1109 inregionihosnequi-

138 1109 210 1174 dem
228 1109 408 1171 universalis
421 1108 478 1169 buit
483 1126 493 1179 3
513 1108 620 1169 saltem
631 1108 754 1169 morbus
769 1108 826 1168 isto
846 1104 967 1177 otides
983 1108 1020 1168 in
1036 1108 1099 1170 ista
1109 1121 1215 1192 specus

138 1195 254 1257 dudum
270 1201 435 1257 cessarunt.
456 1195 644 1255 Testimonia
664 1209 740 1254 vero
761 1192 800 1254 do
814 1193 879 1254 istis
898 1193 1057 1273 Vampiris
1074 1198 1149 1260 talia
1162 1217 1214 1264 non

138 1281 247 1354 tuisse,
266 1281 368 1359 qualia
386 1281 418 1340 J.
435 1281 466 1340 J.
486 1282 642 1341 Rousseau
657 1279 710 1339 illa
730 1278 871 1351 exbibet,
888 1285 934 1340 sat
949 1285 1038 1360 patet
1057 1284 1216 1361 qnod'm

138 1367 352 1446 vampirorum
364 1365 470 1425 morbo
484 1365 515 1423 in
529 1365 642 1425 fumum
653 1365 795 1425 abierint

173 1453 237 1513 ltes
248 1467 322 1511 vero
339 1466 372 1511 se
384 1449 476 1528 louge
489 1449 578 1509 aliter
590 1449 685 1509 habet
699 1466 768 1509 cum
780 1446 840 1508 lide
853 1451 887 1508 in
898 1450 1048 1513 mlrucula
1061 1459 1096 1514 et
1105 1456 1215 1537 religio-

138 1553 211 1598 nem
231 1534 360 1605 Christi;
372 1534 440 1596 baec
457 1534 541 1594 euim
556 1550 618 1594 non
634 1534 667 1594 in
684 1534 788 1613 paucis
800 1533 955 1595 dumtaxat
965 1537 1215 1615 regionibmed

138 1621 173 1681 in
192 1621 336 1681 universo
358 1619 433 1678 orbe
452 1618 599 1688 obtinuit,
619 1616 718 1679 adhuc
738 1617 831 1678 modo
850 1617 986 1690 obtinet,
1004 1627 1038 1682 et
1059 1622 1215 1690 hodisdm

138 1705 268 1766 mundus
284 1720 371 1782 aequo
388 1704 545 1765 convictus
562 1710 608 1764 est
624 1702 663 1763 dc
674 1703 806 1765 veritate
818 1703 1037 1766 miraculorum
1051 1709 1215 1790 religionis-

138 1807 200 1870 que
216 1790 331 1856 Christi
348 1805 438 1868 quam
455 1790 512 1851 tuit
528 1797 665 1868 tompore
681 1787 827 1862 Neronis,
837 1789 1022 1863 Domitiani,
1034 1793 1215 1875 'minim

139 1876 332 1942 Constantini
343 1877 456 1961 magni.

153 2010 264 2079 Stichi.
273 2013 382 2074 -Quod
392 2012 534 2077 philosophi
544 2012 633 2077 panni
648 2011 738 2062 diruti
748 2011 896 2076 radgiomm
905 2024 1008 2077 semper
1017 2012 1201 2081 immuni.

175 2133 250 2189 aas.
268 2131 358 2194 Docti
379 2137 411 2193 et
430 2127 604 2211 philosophi
623 2131 770 2210 gentiles,
790 2131 949 2212 excipiamt
964 2132 1101 2207 Deistae,
1112 2136 1215 2201 Christi

138 2228 282 2307 religioni
300 2229 444 2288 continuo
457 2227 717 2299 contradixerrmt,
731 2227 904 2307 philosophi
922 2244 991 2289 eam
1010 2230 1216 2312 impugnarunt

138 2315 260 2394 seriptis
275 2329 344 2390 quae
356 2312 523 2374 Christiani
541 2320 780 2392 suppresserunt.
791 2314 825 2375 Si
839 2313 953 2393 scripta
967 2314 1022 2377 illa
1033 2317 1135 2382 adhuc
1144 2320 1216 2383 oxis-

138 2403 241 2457 terent
252 2394 413 2456 falsitatem
422 2396 636 2455 miraculorum
647 2393 761 2457 Christi
774 2396 851 2458 torte
863 2397 1063 2463 videremini

175 2481 292 2541 Verum
309 2487 356 2541 est
371 2479 476 2540 docms
493 2478 583 2558 hujus
601 2480 705 2541 saeculi
723 2481 764 2542 ab
781 2482 870 2543 initio
887 2481 1005 2545 Christi
1020 2486 1214 2552 miraculisrc

137 2562 282 2644 religioni
300 2564 534 2636 contradixisse,
553 2572 584 2626 at
596 2565 682 2625 irrito
699 2573 825 2637 conatu,
839 2584 907 2628 cum
924 2568 1045 2631 Christi
1057 2572 1167 2653 religio
1180 2573 1214 2637 dn

137 2650 373 2712 omnibusbisce
383 2651 547 2712 obstaculis
556 2651 803 2730 triumphaverit,
813 2652 960 2714 etardum
969 2672 1058 2716 suam
1068 2660 1214 2741 utltegina

136 2735 244 2797 mundi
266 2733 382 2806 fixerit,
399 2735 454 2795 ubi
471 2746 561 2796 antea
578 2737 668 2797 sedes
682 2736 862 2798 idololatriae
878 2746 960 2808 erat,
971 2747 1068 2818 atque
1084 2744 1214 2807 uirides

136 2822 247 2884 tissimi
264 2822 297 2882 in
314 2829 379 2882 toto
392 2823 524 2901 lmperio
538 2824 673 2884 Romano
688 2821 750 2901 jam
761 2824 861 2903 primo
873 2825 1023 2887 Ecclesiae
1036 2830 1149 2893 suono
1159 2826 1214 2907 cin

137 2924 224 2968 sacra
235 2907 362 2987 professi
376 2907 447 2967 sint.

174 2991 219 3050 llo
236 2991 302 3070 ipso
323 2997 425 3050 autem
442 2990 524 3068 quod
543 3008 651 3071 opera,
665 2991 776 3069 quihus
792 2990 969 3073 philosophi
985 2998 1102 3077 pagani
1112 2996 1214 3064 Gbr’sti

137 3076 284 3137 miracula
302 3076 497 3154 divinamque
515 3078 697 3157 religionem
717 3078 947 3157 impugnarunt,
966 3085 1071 3160 quoad
1086 3100 1213 3164 magnam

137 3169 256 3240 partem
277 3163 451 3243 perieruurt,
476 3164 629 3224 evincitur
657 3179 791 3243 paganos
812 3164 893 3243 ipsos
919 3183 956 3227 ea
986 3171 1213 3246 pernitentiis

137 3264 225 3308 secus
243 3248 326 3307 enim
341 3247 464 3309 illorum
477 3249 662 3328 exemplaria
677 3248 840 3329 multiplici
853 3251 1066 3333 descriptione
1077 3255 1214 3337 multipii-

137 3338 270 3404 cassem,
291 3339 383 3410 atoue
404 3333 469 3411 ipsa
491 3334 533 3394 ita
555 3335 652 3393 ruinae
672 3334 899 3397 subtraxissent
921 3336 1111 3402 adhucdum
1126 3349 1214 3403 amc·

136 3416 232 3498 impia
250 3418 309 3478 ista
327 3432 421 3494 opera
433 3417 532 3494 quoad
548 3435 689 3496 magnam
701 3426 819 3496 partem
832 3419 999 3493 habentur3
1018 3432 1127 3488 cutam
1145 3425 1215 3488 enin

137 3501 304 3582 fragmenta
320 3502 421 3581 operis
438 3503 521 3565 Celsi
532 3504 565 3563 in
578 3512 646 3564 octo
664 3504 752 3565 libris
763 3504 908 3584 origenis
925 3506 1074 3573 adversus
1087 3512 1214 3582 Celsum

138 3590 304 3668 hagmenta
321 3586 484 3668 Porphyrii
501 3589 533 3648 in
552 3589 685 3651 Eusebio
704 3589 899 3661 Caesariensi,
919 3592 1092 3672 fragmenta
1110 3594 1215 3659 smmi

138 3673 261 3753 impin
286 3673 402 3752 Cyrillo
430 3674 654 3750 Alexandrino,
680 3684 712 3737 ct
735 3676 921 3740 Philalethes
946 3680 1106 3747 llieruclis
1127 3683 1215 3747 omn

138 3759 251 3819 existit.

175 3846 288 3904 Vemru
312 3844 380 3906 haec
403 3853 541 3906 veterum
562 3847 723 3925 gentilium
742 3847 993 3928 philosophorum
1016 3854 1135 3935 scripta
1154 3868 1216 3937 prr·

136 3924 212 3987 bant
223 3929 350 4007 praecise
358 3928 440 4008 quod
449 3930 563 3991 Deistae
573 3939 701 4010 negant,
715 3933 877 3995 veritatem
885 3951 999 4016 nempe
1009 3939 1217 4000 miraculum

138 4012 266 4092 Christi,
281 4013 405 4094 ejsuque
418 4015 533 4114 divinae
543 4018 718 4096 religionis3
728 4036 798 4082 cum
811 4020 894 4081 enim
906 4020 939 4083 hi
953 4022 1132 4104 philosophi
1146 4022 1217 4087 sais·
