2708 4846
488 474 675 525 nituerunt
694 474 889 528 SACRORUH.
1169 470 1227 527 ’Μ

153 560 368 634 retentionem,
387 569 419 623 et
430 564 570 644 conjugia
583 583 651 628 cnm
664 566 845 648 alienigenis
857 586 875 629 e
888 583 941 629 sua
952 562 1077 629 natione
1095 566 1228 629 instuit

190 648 260 704 tro.
284 649 496 722 Artaxerxem,
519 651 603 729 cujus
626 653 775 732 pincerna
795 654 960 716 Nebemias
980 653 1056 725 nuit,
1079 653 1228 714 1111111·-

150 734 303 796 taxcmem
314 735 547 816 Longimanum,
560 739 675 801 eruitur
688 754 726 799 ex
737 747 913 821 mgtnnento
926 739 1018 817 iibri,
1030 746 1062 803 et
1071 738 1110 802 'ex
1118 738 1227 804 ordine

146 811 289 884 bistoriae
779 872 781 876 a
1210 831 1218 844 '

554 964 595 1011 ne
611 963 702 1012 utero
716 962 821 1014 rosim

384 1081 503 1151 Siliiix.
514 1085 645 1149 -bingna
656 1088 683 1137 et
691 1087 818 1137 versiones
828 1086 887 1136 libri
896 1086 987 1139 iobiae.

180 1216 254 1278 etl.
276 1216 345 1280 Non
365 1225 483 1282 constat
501 1225 602 1280 utrttm
622 1220 703 1281 liber
723 1221 830 1281 Tobiae
851 1221 979 1300 scriptus
996 1221 1036 1282 sit
1052 1217 1225 1303 linguahc·

141 1294 265 1375 braioa,
276 1302 432 1366 chaldaica
444 1311 494 1365 aut
506 1322 615 1385 graeea.
629 1305 779 1386 Origenes
798 1307 1168 1392 (Epist.·adAirican1nn)
1182 1311 1225 1373 ait

141 1382 294 1450 Hebraeos
318 1389 398 1451 bun'c
423 1390 534 1451 librum
558 1392 703 1453 hebraice
725 1394 841 1472 legere.
866 1395 897 1454 S.
920 1384 1123 1473 Hieronymus
1141 1396 1224 1474 juxta

142 1475 301 1554 exemplar
313 1474 501 1538 chaldaicum
513 1493 571 1559 ope
584 1478 759 1559 interpretis
772 1478 904 1541 coniecit
915 1481 1088 1543 versionem
1100 1484 1225 1545 latinam

142 1557 173 1621 br
185 1561 320 1641 Vulgata
343 1568 505 1623 extantem.
528 1565 584 1624 Ast
603 1572 704 1624 utrum
724 1563 784 1626 boc
802 1567 955 1645 exemplar
967 1567 1152 1629 continuerit
1164 1569 1225 1630 lin-

255 1647 451 1726 originariam
467 1649 555 1721 libri,
575 1650 641 1711 sive
660 1651 754 1711 fuerit
768 1651 868 1711 versio
887 1658 986 1712 textus
1003 1652 1158 1731 originarii
1171 1655 1225 1716 he-
1296 1700 1301 1709 .

160 1733 220 1793 raei
232 1739 286 1794 nut
298 1735 390 1813 graeei
403 1736 553 1796 incertum
566 1742 621 1797 est.

177 1818 211 1880 S,
235 1820 441 1901 Hieronymus
462 1822 596 1899 (hietat.
619 1822 651 1882 in
670 1820 752 1882 huno
773 1819 901 1896 librum)
919 1838 928 1878 2
947 1820 1054 1898 «Quia
1066 1820 1166 1883 vicina
1179 1831 1225 1886 est

139 1902 387 1967 »Chaldaeorum
402 1906 508 1986 lingua
520 1907 653 1968 sermoni
666 1906 802 1978 hebraeo,
816 1906 929 1983 inquit,
943 1908 1099 1984 utriusque
1110 1908 1223 1990 linguae

138 2008 157 2046 r
168 1991 392 2073 peritissimum
409 1992 568 2072 loquacem
580 1993 754 2073 reperiens,
766 1992 856 2052 unius
869 1991 931 2052 diei
943 1991 1080 2052 laborem
1093 1995 1221 2077 arripui,

138 2095 156 2135 a
170 2084 205 2139 et
216 2078 366 2157 quidquid
379 2079 432 2139 ille
444 2078 519 2138 mihi
535 2078 687 2140 hebraicis
699 2077 803 2139 verbis
814 2079 976 2157 expressit,
987 2077 1046 2140 hoc
1057 2096 1114 2160 ego
1124 2087 1221 2145 accito

138 2164 292 2225 omotario
314 2165 504 2225 sermonibus
521 2164 622 2226 latinis
641 2164 774 2243 exposui.
790 2164 897 2227 »Cum
912 2164 1223 2242 igittmquaeilleiu·

137 2248 223 2312 &us
235 2266 277 2311 ex
288 2250 444 2312 chaldaico
456 2251 712 2330 interpretabatur
724 2266 762 2311 ex
774 2265 865 2311 arena
874 2249 1058 2312 hebraicus.
1069 2252 1223 2333 Hierony·
1258 2292 1260 2299 ·

137 2350 207 2399 mus
222 2336 324 2398 subito
345 2337 462 2396 notario
480 2336 574 2396 latine
589 2336 763 2408 dictaverit,
777 2336 888 2395 mirum
900 2352 961 2396 non
976 2344 1021 2397 cst
1033 2336 1222 2418 frequentem

111 2484 118 2505 „
139 2437 209 2483 esse
222 2421 393 2483 dissensum
401 2421 550 2483 versionis
563 2422 594 2482 S.
608 2422 788 2499 Hieronymi
801 2438 819 2480 a
832 2428 916 2485 textu
927 2438 1038 2500 gracco.

175 2508 252 2565 nrt.
264 2508 375 2568 Extant
387 2506 455 2568 duae
466 2509 624 2570 versiones
635 2507 788 2569 hebraicae
801 2506 889 2584 hujus
900 2508 988 2578 libri,
1003 2526 1062 2569 una
1074 2510 1108 2570 P.
1118 2510 1220 2591 Fogii,

138 2610 200 2673 qne
217 2610 237 2655 e
254 2599 340 2654 textu
356 2609 455 2673 gruem
473 2592 647 2662 descendit,
665 2601 697 2654 et
713 2593 809 2653 altera
824 2594 897 2653 seb.
916 2595 1078 2666 Munsteri,
1097 2613 1164 2674 quar
1182 2613 1221 2658 ex

138 2680 283 2742 versione
298 2679 394 2740 latina
410 2676 560 2759 proficisci
577 2678 708 2739 videtur.
727 2679 837 2738 versio
852 2678 974 2755 Syriaca
987 2680 1083 2740 aetatis
1095 2681 1221 2743 incertae

140 2780 161 2826 e
172 2772 259 2827 textu
270 2780 371 2845 graeco
383 2765 535 2846 provenit.
549 2764 658 2825 Existit
671 2763 770 2824 adhuc
783 2763 883 2823 versio
896 2762 990 2822 latina
1002 2764 1056 2831 illa
1068 2764 1098 2824 S.
1112 2767 1221 2826 Hiero-

141 2850 230 2929 nymi
246 2851 399 2930 antiquior
416 2868 434 2912 e
454 2857 538 2911 textu
549 2864 649 2929 graem
664 2848 865 2918 descendens,
878 2856 909 2909 et
921 2865 938 2908 a
951 2849 1112 2910 Sabathier
1122 2851 1156 2911 in
1168 2852 1220 2911 iii-

144 2934 230 3003 bitbr.
246 2940 313 3001 Soc.
331 2939 396 2998 iar.
414 2937 591 2997 nacionibus
605 2937 696 3014 antiq.
710 2952 789 2996 anno
803 2934 871 2994 liei
888 2933 980 2996 edita.
994 2934 1108 2998 Omnes
1119 2942 1221 2998 autem

144 3020 196 3085 bae
207 3025 365 3087 versiones
377 3024 410 3085 in
419 3022 521 3083 multis
534 3038 552 3082 a
563 3038 597 3083 se
611 3020 793 3100 discrepant.

409 3172 538 3241 §lxxiii
549 3196 580 3210 -
590 3171 681 3221 Auctor
691 3170 717 3219 et
727 3170 785 3219 zeias
796 3169 854 3219 libri
863 3168 954 3219 tobia.

131 3342 134 3351 ·
180 3308 253 3365 tto.
266 3309 415 3370 Aroteres
427 3306 500 3367 libri
514 3305 621 3367 Tobiae
634 3321 651 3366 a
664 3303 768 3364 multis
782 3300 945 3365 creduntur
954 3300 1042 3364 ambo
1052 3301 1171 3378 Tobiae,
1182 3320 1218 3369 eo

142 3394 226 3475 quod
245 3413 275 3458 c.
296 3394 348 3465 li,
361 3395 413 3467 20,
427 3393 481 3454 ubi
494 3394 526 3454 in
538 3393 670 3473 Vulgata
682 3389 806 3470 angelus
818 3389 930 3451 dixisse
943 3388 1055 3470 legitur
1069 3411 1076 3450 :
1092 3395 1219 3455 ltiarroto

142 3480 244 3543 onorio
260 3480 502 3561 mirabitioffejur,
521 3487 621 3541 textus
641 3494 757 3558 graecus
772 3475 867 3536 habet
880 3495 887 3534 :
902 3476 1022 3538 Scrobitc
1039 3478 1137 3538 omnio
1155 3495 1220 3556 quor

133 3548 227 3717 'mo
248 3577 315 3632 aaut
334 3569 367 3628 iu
386 3566 471 3630 labro.
492 3566 604 3627 Textui
624 3581 722 3645 graeco
741 3563 933 3626 consentium
951 3562 1048 3625 annbae
1064 3566 1220 3629 versiones

205 3655 297 3717 rticae
321 3652 408 3731 Fagii
433 3660 466 3714 et
487 3653 650 3725 lliunstcri,
676 3650 799 3729 antiqua
824 3649 924 3709 versio
949 3649 1043 3710 latina
1068 3658 1099 3710 ct
1116 3651 1217 3713 versio

140 3742 275 3819 mineus
287 3738 363 3803 hinc
380 3740 413 3801 in
429 3745 515 3800 textu
530 3752 629 3817 graeco
646 3735 722 3799 etin
735 3734 876 3797 versione
888 3733 972 3813 Fagii
987 3740 1018 3794 et
1030 3735 1145 3814 syriaca
1157 3737 1218 3798 To·

139 3818 206 3897 blm
223 3824 257 3889 in
274 3825 373 3906 prima
388 3815 517 3906 persona
532 3824 704 3900 loquuntur.
719 3820 766 3885 Cl.
780 3821 860 3882 Jahn
878 3820 1028 3881 existimat
1052 3820 1217 3900 jussionem

123 3910 247 3995 'angeli
269 3928 336 3975 esse
357 3910 650 3975 commendationem
664 3908 754 3981 iibri,
769 3925 836 3988 quae
853 3907 892 3969 ad
908 3906 1018 3985 stylum
1029 3913 1061 3969 et
1073 3906 1218 3974 elocutio-

97 4022 106 4045 1
141 3998 397 4081 mpertineat'

147 4140 151 4145 -
174 4104 658 4175 *maneremusfflusttt
