2708 4846
230 462 277 516 08!
677 463 857 513 ΔΡΡΕΝΜΧ

229 553 341 616 redimi
349 562 478 634 poterat.
489 555 565 618 lnde
579 555 766 618 descendrmt
778 552 928 633 aedificio
940 570 999 632 pro
1007 560 1140 633 peccato,
1158 558 1190 615 ct
1201 553 1304 632 morit

231 641 279 699 cia
288 660 345 720 pro
362 643 474 705 delicto.
492 644 673 721 Neutiquam
689 650 790 703 autem
804 642 904 702 omnia
923 647 1051 720 peccata
1063 654 1123 721 per
1137 639 1304 703 sacrificiaa

229 727 328 804 poenis
340 729 409 808 lege
419 731 533 809 Moysis
541 729 658 791 statutis
670 728 795 790 liberari
805 733 955 808 poterant,
965 724 1022 787 sed
1035 726 1142 804 aliqua
1151 729 1304 787 dumtaxat.

229 811 370 886 Peccata,
384 833 451 894 quae
463 815 611 878 sacrificio
620 815 736 877 remitti
748 821 888 895 poterant
898 857 907 885 ,
917 812 1141 875 dividebantur
1155 814 1188 875 in
1196 822 1304 893 pessum

231 903 264 958 et
274 899 390 961 delicto.

266 984 436 1047 Obscurum
449 993 495 1048 est
504 984 804 1064 quamdiiierentiam
817 985 939 1047 Hebraei
950 985 1034 1046 inter
1041 991 1207 1062 peccatum
1219 991 1250 1044 et
1259 984 1305 1046 de-

228 1067 335 1131 lictum
344 1080 483 1135 statuant.
498 1074 545 1137 Cl.
558 1072 639 1134 Jahn
648 1089 716 1134 cum
726 1072 793 1133 aliis
804 1072 954 1132 existimat
959 1078 1126 1150 peccatum
1138 1089 1207 1133 esse
1221 1080 1305 1132 tram

228 1159 416 1236 gressionem
443 1160 545 1239 legum
575 1159 784 1239 negativarum
802 1175 863 1217 nou
887 1157 954 1218 sine
977 1157 1113 1217 testibus
1135 1157 1303 1227 admissam,

229 1241 376 1304 delictum
388 1261 461 1304 vcro
474 1245 671 1305 violationem
682 1244 785 1323 legum
794 1241 1049 1303 adfirmativarmn
1060 1243 1134 1303 sinc
1143 1243 1230 1304 omni
1239 1250 1303 1303 testo

229 1331 418 1391 commissam
429 1329 450 1391 ¹.
463 1332 526 1392 Alii
539 1339 645 1392 tenent
656 1330 779 1390 Judacos
787 1346 843 1408 per
853 1335 1011 1408 peccatum
1023 1328 1209 1408 intelligere
1225 1338 1301 1389 tram·

228 1417 416 1492 mentonem
435 1424 654 1495 praeceptorum
676 1414 934 1484 assumativorum
953 1423 1046 1492 atque
1064 1432 1125 1494 per
1146 1415 1302 1491 delictum,

228 1514 285 1560 seu
297 1501 378 1577 quod
395 1502 504 1563 latinus
517 1505 669 1582 interpres
681 1519 737 1581 per
749 1502 895 1563 delictum
908 1501 1022 1571 vertit,
1040 1494 1302 1580 transgressionm

227 1594 448 1664 praeceptorum
459 1589 668 1666 negativomm
682 1588 704 1649 ¹.
719 1589 784 1648 Alii
802 1588 926 1649 mudum
946 1587 1141 1647 arbitrantur
1158 1595 1302 1667 peccattm

227 1670 400 1749 significare
416 1682 575 1752 peccatum
588 1673 784 1734 volontarium
802 1681 853 1734 aut
869 1673 1149 1752 transgressionem
1168 1672 1245 1750 legis
1258 1687 1303 1751 per

227 1754 463 1834 imprudentiam
480 1760 685 1830 commissam.
707 1759 854 1820 delictum
866 1775 940 1820 voro
959 1765 1126 1838 peccatum
1146 1756 1299 1818 ἀαῠιὶοηᾶο

228 1840 394 1904 violatione
407 1845 486 1923 legis
496 1833 519 1906 ³.

265 1931 407 1992 Victimae
427 1950 482 2010 pro
504 1938 629 2010 peccato
646 1937 677 1991 et
697 1949 752 2009 pro
770 1931 884 1992 delicto
898 1929 1088 2001 offerendae,
1108 1947 1179 2010 qtrae
1200 1931 1299 2009 etipsa

225 2024 388 2093 peccotoet
401 2017 507 2076 delicta
521 2016 723 2085 vocabantur,
741 2033 796 2095 pro
815 2016 961 2075 varietate
980 2023 1180 2094 peccatorum
1198 2024 1300 2095 ctpcc·

227 2102 361 2162 cantium
380 2105 472 2164 variae
490 2111 585 2164 erant.
604 2102 737 2162 Victima
757 2109 856 2162 autom
873 2118 929 2180 pro
946 2118 1066 2161 summo
1084 2101 1255 2172 sacerdote,
1272 2108 1300 2160 ct

227 2203 284 2265 pro
311 2191 423 2268 populo
448 2190 596 2267 juvencus
617 2195 693 2248 erat.
723 2188 868 2265 Princeps
891 2203 965 2247 vero
990 2186 1115 2249 hircum
1139 2189 1300 2248 immolabat

226 2272 313 2346 (Lev.
323 2274 368 2347 i).
379 2273 577 2335 caeremoniae
587 2272 915 2334 horumsacrificiorum
924 2272 1100 2333 reienmtur
1107 2274 1299 2336 Leviddct.

270 2357 448 2432 Hujusmodi
467 2358 615 2418 sacrificia
637 2360 730 2418 etiam
748 2359 899 2436 aliquibus
916 2359 1056 2437 personis
1081 2362 1115 2420 in
1139 2361 1300 2441 particulari

225 2442 403 2522 praescripta
416 2452 520 2513 erant,
534 2443 700 2520 etquidem
717 2443 747 2503 t⁰
761 2445 909 2515 Nazaraei,
923 2445 976 2522 qni
994 2445 1157 2525 inopinate
1168 2447 1300 2508 coomni-

226 2529 291 2590 nati
309 2529 445 2603 fuerant,
471 2529 547 2592 duos
558 2537 690 2591 turtures
706 2537 757 2590 aut
774 2531 850 2593 duos
864 2532 963 2610 pullos
976 2531 1189 2594 columbarum
1201 2578 1209 2605 ‚
1221 2551 1300 2594 unmn

226 2631 282 2693 pro
295 2623 441 2694 peccato,
454 2624 486 2676 et
497 2615 626 2676 alterna
641 2615 674 2676 in
687 2615 895 2679 holocaustum
909 2617 1019 2678 otierre
1032 2616 1196 2680 debebant
1205 2619 1299 2698 (Num

226 2698 255 2771 6,
270 2699 355 2760 toti
381 2746 389 2761 .

262 2785 294 2847 2⁰
304 2700 511 2866 Pro)peccatis
519 2788 699 2866 ignorantiae
708 2787 812 2866 populi
824 2789 857 2848 in
866 2787 953 2849 iestis
960 2788 1033 2848 novi
1044 2789 1137 2860 anni,
1148 2789 1301 2861 Paschatit

225 2873 430 2942 Pentecostis,
441 2873 734 2943 Tabernaculorum,
748 2880 837 2950 atque
854 2873 886 2932 in
904 2874 1101 2943 Neomeniis,
1121 2874 1204 2937 hirci
1221 2875 1303 2938 sacri·

135 3016 140 3029 ,
226 2953 338 3017 ficandi
361 2965 446 3018 erant
458 2959 561 3034 (Num.
575 2957 626 3029 28,
640 2958 704 3033 29).
719 2957 796 3020 Cum
809 2958 932 3018 Hobraei
944 2959 1005 3019 sibi
1022 2977 1206 3040 persuasum
1220 2961 1304 3021 haite-

225 3049 297 3101 ront
316 3041 564 3119 plumsmorhos,
579 3050 612 3104 et
625 3042 748 3105 dolores
758 3051 877 3123 partus,
890 3060 996 3122 poenas
1014 3061 1082 3106 esse
1100 3056 1302 3125 peccatonm,

228 3126 385 3188 debebant

262 3211 293 3270 5⁰
307 3212 443 3273 ittundati
460 3230 478 3274 a
498 3213 584 3292 lepra
597 3213 705 3275 offerre
723 3230 845 3292 agnum¹
860 3221 910 3274 aut
923 3214 1111 3294 sipauperes
1126 3224 1229 3288 crant,
1240 3216 1303 3278 duos

226 3303 359 3358 turtures
373 3306 425 3357 aut
440 3297 515 3359 duos
529 3299 627 3376 pullos
639 3298 860 3370 columbanum,
874 3316 968 3359 unum
981 3317 1036 3379 pro
1051 3311 1184 3380 peccato
1198 3311 1230 3363 et
1240 3302 1304 3362 alte-

225 3399 294 3444 rum
304 3384 338 3445 in
350 3384 557 3445 holocaustum
568 3386 658 3462 (Lev.
672 3385 726 3456 tt,
742 3385 864 3465 {Hm
878 3393 968 3463 atque

263 3471 295 3528 Ψ
313 3472 474 3550 Puerpcrae
497 3472 625 3549 expietis
650 3471 759 3534 diebus
776 3473 995 3552 purificationis
1021 3472 1139 3535 ouen-o
1162 3473 1306 3536 debebant

227 3567 337 3629 agnum
354 3552 527 3612 anniculum
544 3553 576 3613 in
598 3553 803 3615 hoiocaustum
824 3562 856 3614 et
875 3561 1044 3627 turturem,
1064 3556 1118 3615 vel
1132 3558 1248 3636 pultum
1262 3572 1306 3615 co·

225 3637 336 3697 lumbae
356 3655 412 3716 pro
435 3646 570 3717 peccato.
592 3638 715 3699 sivero
735 3655 884 3718 pauperes
905 3646 1012 3710 crant,
1029 3641 1100 3701 loco
1125 3645 1199 3721 agni
1208 3642 1305 3703 ouem

225 3731 366 3801 poterant
377 3725 504 3786 alterum
517 3733 674 3798 turturem,
689 3726 736 3789 vel
747 3729 876 3786 alterum
887 3726 1004 3805 pullum
1013 3728 1172 3790 columbas
1184 3731 1219 3790 in
1230 3727 1305 3789 hoio

226 3809 385 3870 caustum(
392 3812 467 3872 Lev.
479 3811 515 3872 ta
544 3811 622 3888 dd).

256 3941 267 3978 ¹
277 3946 356 3995 Jahn:
368 3947 626 4010 circumcidimi,
637 3951 663 3997 P.
676 3951 705 3998 ii.
714 3949 731 4014 ,ς
739 3953 795 4004 252.
810 3952 924 4011 vtennae,
935 3950 1005 3999 ¹80⁵.
1015 3976 1047 3988 -
1057 3949 1072 3988 ²
1081 3954 1198 4003 t‘mimett
1211 3954 1272 4002 niet
1280 3950 1305 3998 da

226 4010 399 4142 'haylonbliovaom
410 4016 500 4067 idcirc.
511 4043 542 4054 -
552 4015 564 4054 ὅ
575 4018 643 4067 enni.
654 4020 746 4082 tany:
757 4023 851 4074 introd.
867 4018 882 4071 ἦ
896 4021 1028 4070 l’titriture
1038 4025 1139 4084 unte,
1154 4026 1199 4073 liv.
1209 4023 1278 4072 1.(11.
1285 4021 1304 4068 t.

301 4115 308 4141 ,
381 4117 389 4131 .
