2708 4846
481 479 665 528 ttnnonun
683 480 880 532 sscnonun,
1174 479 1219 535 tot

140 565 273 628 liiobael
287 584 322 628 se
342 568 463 630 diabolo
476 572 665 651 opposuerit,
679 589 789 652 corpus
804 575 917 654 Moysis
930 574 1089 636 abstulerit
1103 584 1136 637 et
1150 578 1220 639 abs-

139 656 293 726 conderit,
308 664 339 715 et
353 664 457 717 tamen
469 657 617 734 judicium
630 658 774 721 adversus
785 659 940 722 diabolum
951 662 1128 726 terreamus
1139 664 1219 728 baud
1329 664 1334 675 ’

139 742 427 815 sit‚sedillud1)eo
440 744 612 822 reliquerit.
625 745 740 807 Exbac
756 748 948 821 narratione,
962 750 1065 827 paucis
1081 761 1219 829 peracta,

138 836 171 888 et
194 828 350 889 nonnullis
372 831 550 908 suppositis,
579 831 675 892 ludas
697 832 860 893 salutarem
885 833 1054 895 doctrinam
1074 838 1221 899 moralem

137 914 273 977 deducit.
288 916 421 975 Historia
434 916 540 979 isthaec
558 934 624 978 aevo
642 916 731 978 Judoe
750 924 822 978 nota
843 919 966 979 omnino
979 919 1070 981 luisse
1083 921 1219 998 videtur,

136 1000 232 1061 Judas
252 1001 360 1060 saltem
373 1000 456 1060 illam
471 1008 506 1061 ut
525 1003 618 1062 talem
638 1003 726 1081 ponit
731 1021 740 1073 ;
756 1019 849 1080 quare
861 1005 961 1082 potuit
974 1006 1136 1083 Apostolus
1153 1026 1220 1070 eam

136 1083 260 1146 aliunde
269 1102 360 1162 quam
369 1102 407 1145 en
419 1086 593 1165 apocrypho
606 1087 685 1147 libro
697 1087 737 1147 de
750 1087 959 1163 adsumptione
970 1088 1084 1166 Moysis
1092 1089 1221 1158 habere.

172 1169 236 1231 Sed
247 1171 275 1230 si
284 1171 369 1232 illam
379 1172 471 1231 etiam
484 1188 523 1231 ex
535 1173 593 1233 isto
604 1172 684 1232 libro
699 1172 948 1253 deprompsiseet,
962 1173 1097 1235 noudum
1111 1193 1220 1255 seque-

135 1263 235 1329 retur,
252 1259 335 1318 illam
351 1275 418 1319 esse
440 1258 554 1318 lalsam.
571 1260 696 1320 Factum
713 1258 773 1320 hoc
787 1258 930 1337 equidem
945 1267 992 1320 est
1013 1263 1220 1343 extraordina-

134 1342 229 1416 rium,
243 1344 299 1405 sed
309 1345 390 1405 lucta
408 1343 592 1404 Patriarchm
609 1345 719 1405 iacobi
733 1362 802 1406 omn
819 1345 939 1424 angelo,
953 1345 1102 1426 adparitio
1117 1350 1219 1427 angeli

134 1427 269 1490 Balaami
285 1431 399 1492 asinam
415 1428 564 1500 sistentis,
574 1428 695 1507 loquela
705 1430 809 1500 asinae,
824 1437 885 1490 eto.
896 1444 958 1491 non
973 1432 1073 1493 mium
1085 1442 1218 1496 extraor-

135 1515 253 1579 dinaria
265 1525 344 1578 sunt.
359 1518 466 1578 Paulus
476 1514 488 1592 (
497 1519 560 1579 Tit.
572 1517 601 1588 l,
615 1518 670 1592 ti)
683 1517 756 1578 citat
770 1516 884 1579 dictum
896 1526 995 1596 poetae
1007 1520 1216 1599 Epimenidis,

133 1599 320 1664 «Cretenses
332 1619 452 1679 semper
461 1601 635 1672 mendaces,
646 1602 732 1665 malae
744 1603 862 1674 bestiae,
876 1610 999 1663 ventres
1011 1605 1109 1682 pigri3
1120 1625 1136 1662 n
1146 1606 1217 1669 ideo

133 1692 235 1750 tamen
249 1689 307 1750 alia
320 1688 508 1769 Epimenidis
518 1688 609 1760 dicta,
620 1690 671 1749 vel
684 1688 810 1759 tabulas,
823 1689 952 1749 minime
966 1688 1134 1768 adprobare
1147 1710 1218 1755 cen-

133 1776 336 1852 tebrr.Quare
357 1775 383 1837 si
402 1776 494 1835 etiam
505 1773 600 1835 ludas
612 1774 766 1852 praelatum
779 1774 890 1834 iactum
900 1791 938 1833 ex
951 1774 1030 1833 libro
1043 1778 1216 1856 apocrypho

133 1858 293 1930 hausisset,
302 1859 427 1920 minime
436 1858 551 1919 fabulas
562 1859 593 1917 in
603 1874 640 1918 eo
651 1865 809 1919 contentas
819 1857 1012 1933 adprobaret.
1022 1859 1133 1919 Judam
1141 1878 1216 1923 vero

133 1952 396 2006 commemoratam
407 1940 613 2005 narrationem
625 1943 740 2003 Judaeis
753 1942 927 2022 adlegisse,
941 1949 975 2002 ut
985 1961 1019 2004 se
1033 1961 1137 2006 eorum
1149 1949 1216 2026 opi*

131 2029 235 2102 trioni,
249 2031 350 2111 gvrstul
362 2047 397 2091 ac
410 2029 512 2108 captui
524 2029 795 2099 accommodando,
809 2026 882 2088 inde
899 2027 1068 2089 doctrinam
1081 2032 1127 2093 eis
1138 2033 1216 2094 salu-

132 2121 230 2177 tarem
256 2114 407 2179 efficacius
428 2114 609 2183 deduceret,
623 2122 658 2175 ut
677 2114 717 2175 ol.
737 2117 910 2174 Brentenno
929 2130 964 2174 ao
985 2115 1216 2198 Scbnappinger

132 2201 324 2274 existimant,
336 2200 440 2261 verbis
454 2198 542 2260 dudae
556 2199 708 2261 adversari
719 2198 853 2270 videtur,
866 2199 997 2276 eoquod
1011 2201 1100 2261 istam
1118 2202 1214 2264 histo*

131 2285 213 2346 riam
223 2286 352 2366 positive
365 2293 469 2347 narrat
480 2286 501 2346 ¹.

171 2368 429 2452 rspoeryphum
448 2371 560 2431 librum
581 2372 709 2433 Henoob
722 2372 772 2449 (v.
785 2370 842 2447 it)
862 2371 1013 2450 adlegari,
1025 2388 1064 2432 ex
1076 2372 1213 2437 loooisto

131 2474 194 2519 non
208 2458 374 2528 evincitur3
388 2458 433 2517 ibi
443 2458 526 2517 enim
538 2458 726 2519 solummodo
738 2457 851 2536 legitur
861 2477 869 2516 ε
881 2458 1102 2536 «prophetavit
1112 2467 1214 2522 antem

133 2542 203 2604 »de
216 2542 265 2603 bis
275 2543 419 2622 septimus
431 2543 469 2603 ab
483 2541 580 2603 Adam
594 2543 733 2604 ilenocir.
746 2565 761 2599 n
771 2544 846 2619 Quae
860 2543 955 2601 verba
971 2543 1146 2604 vaticinium
1160 2547 1215 2606 ali·

132 2627 215 2707 quod
234 2628 374 2691 lleuocbi
394 2629 545 2698 indicant,
558 2629 639 2706 quod
658 2629 752 2689 Judas
773 2645 791 2688 e
810 2626 957 2702 majorum
973 2628 1151 2700 traditione,
1162 2635 1212 2693 vel

132 2715 226 2776 etiam
248 2730 288 2777 cx
306 2715 494 2775 revelatione
515 2716 632 2790 (nemo
655 2715 738 2773 enim
758 2713 804 2771 illi
826 2712 962 2772 divinam
983 2713 1212 2791 inspirationem

133 2798 318 2881 abnegabit)
339 2801 416 2861 scire
436 2800 546 2880 potuit.
567 2801 601 2859 ln
622 2797 797 2877 fragmentis
819 2813 909 2866 vero,
927 2813 995 2872 quae
1012 2797 1069 2856 sub
1089 2800 1212 2860 nominc

133 2884 262 2947 llenoclr
274 2885 534 2956 circumferuntur,
547 2884 627 2944 nibil
637 2883 677 2943 de
690 2883 780 2943 dictis
792 2880 896 2942 verbis
912 2879 1000 2940 Judae
1013 2883 1173 2960 reperitur.

167 2968 203 3029 t·
212 2972 251 3032 V.
261 2972 306 3035 tt.
315 2972 409 3032 ludas
420 2972 525 3032 dicere
538 2970 681 3040 intendit,
691 2986 725 3030 se
737 2969 821 3029 idem
832 2976 895 3026 tum
907 2968 1055 3038 scribere,
1065 2969 1147 3047 quod
1159 2969 1211 3031 alii

132 3070 256 3135 quoque
266 3057 404 3136 Apostoli
416 3055 566 3117 dixerant.

130 3202 149 3273 ς
161 3207 297 3259 ωηι-
307 3209 410 3270 llum,
421 3209 489 3257 locus
504 3206 658 3268 scriptionis,
673 3207 741 3265 aba
752 3203 848 3253 occasio
865 3202 992 3264 proxima,
1003 3205 1175 3265 argumentum
1186 3206 1211 3255 et

525 3289 611 3338 scopus
621 3275 735 3337 Epistsrlae
745 3273 823 3322 tuda.

170 3397 243 3455 m.
252 3396 379 3478 Scripsit
395 3396 488 3456 Judas
502 3394 581 3456 hanc
598 3393 763 3473 Epistolam
779 3409 895 3472 graece,
910 3408 970 3469 quo
984 3397 1084 3452 autem
1096 3392 1128 3452 in
1144 3392 1212 3453 loco

130 3478 214 3547 biii
224 3492 356 3555 constat3
367 3490 489 3545 exarata
501 3490 602 3543 autom
611 3481 733 3541 videtur
743 3489 813 3541 ante
823 3496 934 3539 annvrm
945 3478 1060 3555 roasrae
1069 3479 1200 3557 vulgaris

130 3584 171 3633 tto
185 3568 268 3651 quod
281 3582 369 3633 secus
381 3588 411 3630 v.
429 3568 478 3629 58
495 3569 610 3629 mentio
629 3567 669 3628 de
683 3567 771 3626 rulna
788 3565 1006 3642 Hierosolymis
1027 3564 1104 3626 iacta
1121 3572 1213 3631 essct.

127 3648 347 3721 verisimiliter
362 3657 472 3734 scripta
484 3654 540 3714 luit
559 3653 776 3731 aliquantulum
787 3658 854 3731 post
868 3650 1031 3713 secundam
1047 3651 1209 3729 Epistolam

127 3742 214 3805 reor
224 3786 233 3815 ,
244 3759 283 3804 ex
298 3758 358 3820 qua
373 3739 519 3802 nonnulla
535 3739 569 3798 in
588 3737 645 3798 bac
661 3738 796 3817 Epistola
814 3744 991 3807 occurrunt,
1004 3737 1086 3797 circa
1101 3753 1209 3796 annum

126 3826 249 3893 scilicet
259 3826 298 3888 66
313 3843 382 3887 aerae
394 3824 537 3905 vulgaris.

164 3912 369 3979 Occasionem
382 3911 453 3971 buic
478 3908 620 3988 Epistolae
637 3908 787 3970 dedenmt
804 3906 1058 3986 pseudodoctores
1076 3922 1130 3965 seu
1145 3905 1210 3967 hae·

157 4034 173 4075 ¹
184 4038 328 4089 &numo
338 4032 479 4096 Einleitunp
495 4033 522 4083 in
536 4033 585 4082 deu
596 4033 665 4083 lirici
674 4034 718 4085 des
728 4034 756 4082 Α.
767 4032 790 4081 1.
801 4029 929 4081 Frauoiort
942 4029 1010 4080 titt.
1026 4026 1211 4091 semapptnver

126 4104 290 4159 hisidori.
303 4105 326 4154 J.
337 4117 363 4153 r.
374 4105 398 4154 9.
407 4102 560 4166 Heumann,
571 4103 641 4152 1808.
1079 4159 1107 4202 Μ
