2708 4846
150 474 197 524 502
516 467 519 472 ’
559 472 603 520 hl:
622 470 832 520 tutatum

150 567 267 644 syriaca
287 573 319 626 et
337 563 480 644 eophtiea
501 561 599 626 deest.
617 563 809 625 llaldonatus
826 562 865 624 de
881 562 936 623 illa
954 581 963 619 :
983 583 1002 621 c
1015 562 1228 637 consuimu-

152 675 168 709 n
180 653 261 731 quit,
280 659 403 713 veteres
420 652 599 712 Graecorum
611 650 734 712 codices
745 650 868 721 multoe,
882 648 990 713 nullus
1000 666 1042 712 ox
1058 650 1229 715 1100110110-

150 756 168 795 n
180 738 232 797 bat
244 742 357 817 praeter
368 736 522 796 aumas.»

185 825 301 885 Verum
322 824 474 902 reperitur
489 822 550 887 ista
571 821 717 883 historia:
734 846 766 867 ⁴-
780 822 813 882 iu
825 821 929 883 multis
945 821 1111 885 codicibus
1133 826 1233 903 grecis

149 910 365 987 antiquissimis
381 908 577 985 meliorisque
591 916 688 978 note,
707 924 782 985 quos
796 908 911 968 Millius
929 907 1065 986 adlegat.
1079 909 1162 971 neu
1174 911 1231 990 inse

148 995 200 1072 (in
213 994 484 1071 Annotationlhrs)
498 1011 506 1051 ε
522 1011 544 1049 u.
554 993 601 1053 Ea
613 992 741 1053 vetantis
752 993 865 1054 uostris
884 993 1048 1055 codicibus
1065 996 1231 1073 septemde-

149 1081 253 1152 ›r'cirm
271 1081 385 1160 inquit,
403 1096 481 1140 unrrs
497 1077 651 1140 dumtaxat
674 1077 760 1138 illam
776 1092 838 1139 000
858 1077 964 1139 hahet.
979 1099 998 1135 a
1017 1112 1050 1125 -
1062 1080 1189 1160 Legitur
1198 1083 1230 1143 -iu

147 1162 288 1228 omnibus
303 1164 527 1247 exemplaribus
542 1165 663 1236 latinis,
680 1171 712 1224 et
725 1164 757 1224 iu
778 1164 921 1225 versione
933 1165 1072 1229 arabica.
1084 1198 1120 1213 -
1129 1166 1230 1231 heau

147 1253 311 1330 loquuntur
318 1252 497 1312 Ammonius
509 1264 545 1311 ac
557 1249 702 1310 Tatianus
715 1248 745 1319 '‚
763 1249 879 1309 Auctor
891 1250 1087 1330 Synupseos,
1100 1253 1230 1335 Aqui

146 1354 218 1409 nm,
241 1338 491 1416 chrysostomus,
502 1353 538 1396 ac
551 1334 730 1412 Euthymios
752 1322 775 1394 ³.
794 1335 944 1395 Eisehius
966 1335 1001 1395 in
1017 1338 1186 1401 canonibus
1196 1356 1228 1401 ex

147 1426 311 1486 Ammonio
333 1423 472 1484 collectis
489 1423 568 1482 hanc
584 1421 742 1482 historiam
757 1422 921 1499 genuinam
939 1421 1150 1502 depraedicat,
1163 1426 1228 1489 licet

147 1510 223 1587 (lib.
245 1510 282 1580 ii,
299 1526 327 1570 c.
348 1506 404 1584 tto)
426 1507 510 1568 dieat
535 1506 621 1566 illam
645 1507 678 1567 in
702 1507 872 1586 Evangelio
894 1507 1068 1568 secundam
1090 1511 1227 1575 naues

146 1596 287 1675 reperiri.
301 1596 444 1654 -Nexus
461 1595 527 1673 ipse
539 1591 619 1653 hanc
636 1591 796 1652 historiam
815 1593 982 1670 genuinam
999 1611 1069 1656 esse
1085 1597 1223 1668 oatmdt3

147 1700 237 1744 versu
249 1682 331 1742 enim
341 1678 522 1759 illegitur:
536 1698 553 1736 0
567 1682 680 1739 lterum
693 1693 765 1758 ergo
781 1680 827 1741 eis
838 1680 928 1741 leste
940 1679 1063 1743 locutos
1076 1692 1138 1759 est,
1152 1684 1223 1747 »ubi

145 1771 327 1830 noritonam
347 1767 463 1828 evincit
486 1770 593 1827 Jesum
614 1766 676 1845 iam
705 1774 795 1828 antea
813 1766 974 1831 Phrnsoss
995 1769 1133 1833 toccum
1149 1788 1222 1845 erse,

145 1856 225 1935 quod
239 1855 346 1917 falsum
358 1854 437 1915 toret
447 1897 457 1924 ,
468 1852 498 1914 si
506 1853 633 1913 historia
647 1852 753 1913 istbaec
767 1853 1010 1916 abscinderetur.
1024 1888 1056 1901 -
1071 1858 1221 1921 1101101111-

144 1940 293 2005 sensionis
315 1942 396 2002 inter
415 1938 538 2002 codices
557 1939 697 2016 antiquos
719 1946 766 2001 est
781 1938 887 2000 isthaec
905 1940 1032 2004 tGrteci
1048 1940 1218 2017 camden,

144 2030 271 2091 nimium
283 2027 425 2098 delicati,
436 2026 659 2094 existimarunt,
673 2032 707 2084 ut
716 2024 858 2085 observat
870 2027 1061 2105 Augustinus
1083 2020 1108 2104 ⁴,
1125 2032 1218 2113 preta-

145 2124 205 2176 tam
219 2112 376 2174 historiam
399 2113 433 2172 tn
459 2108 598 2172 ecclesiis
618 2108 743 2189 puhllcc
764 2111 994 2191 praelegendam
1010 2130 1076 2176 non
1094 2124 1217 2189 essere

144 2192 322 2263 mulienbus
335 2196 482 2275 peccandi
491 2194 617 2258 licentia
626 2194 692 2256 dari
700 2196 868 2259 viderettu.
881 2194 1217 2283 1111001010011111101,

145 2306 183 2350 nc
197 2284 336 2349 Gentiles
346 2281 449 2343 exhac
457 2280 585 2343 historia
595 2298 698 2343 ansam
710 2290 864 2371 sumerent
873 2282 1217 2369 christianoshsrsen-

143 2368 316 2442 incusanda,
330 2366 412 2445 quod
421 2366 676 2445 criminapuhiica
689 2375 876 2430 excusarent.
891 2369 1215 2455 Η1001001100001ξ11,

143 2450 1217 2543 0110001100Ῑο000000101000100000,(101010000ὶοί11οΜ

142 2536 347 2622 praelegendis
355 2534 437 2599 haud
443 2536 642 2610 scriberetur,
657 2554 693 2600 ac
705 2539 748 2601 lta
760 2556 845 2600 error
856 2541 889 2600 in
899 2540 1217 2621 aliquosaltosccdlecs

142 2630 303 2708 irreperet.
1178 2628 1181 2635 '

312 2772 317 2783 ·
426 2747 545 2816 sextili.
557 2747 761 2799 -Diihcultatcs
771 2749 856 2811 1000,
867 2763 889 2800 c.
901 2746 942 2802 11.

177 2866 697 2946 tlt-ioannes,inquiuntnonuulli
707 2869 911 2932 Prutestaates
918 2875 1164 2946 mesonma.
1173 2876 1217 2950 il,

140 2954 188 3028 51,
201 2952 294 3015 linem
308 2970 361 3014 suo
373 2953 541 3032 Evangelio
555 2954 702 3032 imponit;
716 2953 846 3032 proinde
854 2962 946 3034 00001
957 2957 993 3017 il
1003 2976 1072 3021 herr
1083 2958 1217 3025 estillius

141 3042 207 3101 Hoc
220 3038 465 3116 l⁰innuuntquae
477 3038 575 3108 0.,11,
586 3038 632 3110 25,
643 3038 786 3118 leguntur
797 3034 837 3100 de
846 3041 974 3102 loannis
980 3042 1218 3109 immortalitem

140 3148 156 3183 n
171 3126 305 3187 Siccam
315 3125 386 3186 volo
405 3140 530 3185 manere
548 3124 647 3185 donee
663 3124 800 3202 renisam
815 3124 876 3184 »2⁰
889 3127 1016 3205 pluralis
1030 3132 1217 3205 mm.

139 3213 191 3290 qui
203 3228 235 3273 v.
245 3210 283 3270 11
296 3210 428 3271 occurrit
433 3229 441 3280 ;
455 3208 487 3268 δ’
500 3208 709 3290 hyperboler.
721 3209 773 3281 25,
788 3211 870 3286 quod
882 3219 964 3272 totus
974 3215 1110 3279 mamilus
1120 3234 1218 3298 aspere

138 3295 220 3356 haud
235 3300 338 3374 posset
353 3292 467 3366 libros,
484 3293 537 3374 qtri
559 3294 662 3354 omnia
678 3294 761 3356 dicta
777 3301 809 3354 et
825 3296 902 3357 iacta
919 3299 996 3358 «lesu
1014 3303 1217 3372 condamm

137 3378 171 3440 h⁰
183 3380 426 3458 antilogisemam
436 3383 526 3441 lesus
538 3380 687 3461 adparens
700 3382 854 3459 ltpostolis
864 3383 904 3459 (c.
916 3376 969 3455 b),
983 3384 1039 3461 16)
1054 3387 1218 3469 Megrad-

137 3467 184 3545 pit
202 3483 242 3525 nc
260 3465 480 3543 Hierosolymis
501 3465 659 3526 discedant
684 3473 754 3526 ante
773 3466 938 3527 adventum
962 3469 1100 3550 spirtus
1115 3473 1218 3543 sueti,

136 3556 172 3611 ut
182 3551 280 3628 liquet
293 3567 330 3610 ex
342 3546 415 3612 Luc.
428 3550 481 3621 21,
493 3549 546 3620 ta,
562 3554 593 3610 et
605 3551 673 3611 Act.
689 3551 721 3620 1,
736 3551 796 3614 dir.
809 3554 900 3612 Juxta
913 3552 974 3615 hoc
983 3564 1080 3636 caput
1086 3559 1123 3619 91
1137 3558 1218 3638 adga-

136 3644 185 3697 ret
196 3635 334 3698 Christus
347 3636 502 3714 apostolis
510 3643 579 3697 ante
593 3634 897 3717 adventtuuspiritus
911 3641 1010 3702 sancti
1028 3642 1064 3703 ia
1086 3644 1216 3713 Galba,

137 3724 266 3802 egressis
275 3722 404 3803 proinde
416 3723 640 3801 Hierosolyma.

173 3813 229 3871 Ast
242 3809 310 3872 finis
323 3811 417 3891 capiti
433 3811 471 3871 10
483 3811 641 3890 impositus
656 3810 845 3873 solummodo
863 3813 963 3891 arguit
983 3817 1140 3878 Joannem
1161 3823 1215 3875 tum

135 3892 334 3977 Evangelium
354 3912 442 3956 suum
467 3894 594 3958 liniendi
619 3897 822 3959 intentionem
853 3898 1009 3964 hahsusse.
1034 3904 1144 3976 ilatio,
1168 3912 1217 3964 eut

165 4016 438 4072 111011100130000001.
451 4022 477 4069 in
484 4018 599 4070 team-²
607 4022 635 4071 ln
646 4020 831 4073 Harmonia-⁸
839 4022 941 4086 tumst.
953 4022 1215 4089 ostentamenta,

135 4088 153 4139 l.
164 4089 195 4144 1,
206 4104 227 4138 c.
240 4092 264 4138 l.
275 4091 360 4150 chrys.
372 4092 444 4139 hom.
456 4092 487 4140 oo
497 4093 524 4140 iu
535 4093 627 4154 Eraug.
642 4093 838 4158 1000101100.
848 4097 986 4145 comment.
996 4095 1174 4149 atessam.
