2708 4846
487 483 669 538 blBllOllllll
689 490 886 539 slcttonuu.
1179 491 1222 545 fidi

139 567 258 628 nultum
281 578 362 631 esset
383 570 584 632 intervallum.
606 571 732 634 Constat
750 574 782 633 id
802 590 839 634 ex
860 575 1053 653 antiquorum
1069 576 1225 638 scribendi

139 655 258 714 ratione
267 699 275 724 ,
285 672 324 715 ex
335 657 482 717 varietate
492 657 658 718 lectionum
671 676 688 718 e
702 659 957 739 variispbrasium
967 678 1134 740 vocumque
1145 662 1225 722 divi·

138 741 276 802 sionibus
292 743 404 802 sacculo
422 743 521 804 adhuc
538 746 645 822 quinto
659 752 740 815 orta,
754 763 794 806 ex
809 748 942 825 antiquis
958 748 1222 828 inscriptionibus,

139 833 229 905 atque
242 828 455 907 manuscriptis
467 830 679 891 vetustissimis
687 831 707 890 ¹.

300 960 317 1030 5
332 964 362 1012 V.
374 987 404 1000 -
415 964 509 1013 Divisio
519 966 650 1015 Librorum
660 979 783 1016 sacrorum
795 969 819 1017 in
830 969 911 1030 capita
925 971 951 1019 ct
964 983 1059 1019 versuo

176 1085 249 1140 872.
270 1084 386 1145 Divisio
408 1085 570 1145 Librorum
592 1100 744 1147 sacrorum
762 1089 876 1149 veteris
899 1105 934 1150 ec
946 1089 1019 1148 novi
1038 1088 1173 1151 Foedcris
1189 1091 1222 1151 in

138 1172 284 1250 capitano
295 1188 399 1232 versus
411 1173 543 1249 antiquis
555 1173 659 1250 ignota
670 1174 737 1234 init.

175 1255 318 1320 carmina
327 1265 359 1317 et
367 1257 440 1317 libri
449 1257 562 1335 poetici
573 1259 686 1319 veteris
693 1259 829 1321 Foedoris
838 1277 894 1340 per
901 1259 1096 1321 hemistichia
1103 1261 1141 1322 ab
1150 1261 1224 1341 ipsis

139 1357 245 1402 eornm
258 1343 429 1404 auctoribus
441 1343 547 1422 scripti
561 1342 651 1404 luisse
663 1344 816 1405 videntur.
1287 1412 1291 1418 ,

174 1428 408 1500 Pentateuobus‚
426 1437 495 1507 post
507 1429 632 1490 exilium
644 1429 874 1508 babylonicum,
887 1449 957 1492 cum
968 1433 1076 1510 quovis
1087 1432 1140 1493 die
1152 1432 1222 1494 sab

137 1512 224 1573 bathi
234 1515 266 1573 in
278 1515 440 1595 synagogis
452 1514 565 1591 aliquid
579 1532 617 1575 ox
629 1531 666 1576 eo
678 1516 897 1596 praelegeretur
908 1519 951 1594 (ll
964 1517 1036 1579 Esd.
1051 1517 1079 1577 8.
1091 1519 1159 1579 Act.
1172 1517 1219 1590 lb,

137 1596 190 1675 il)
199 1641 207 1668 ‚
216 1599 250 1658 in
263 1600 481 1677 quinquaginta
495 1608 556 1660 tres
564 1601 729 1678 poroscbus
741 1619 795 1662 seu
807 1604 960 1663 sectiones
969 1602 1085 1663 divisus
1099 1602 1171 1672 luit,
1189 1612 1221 1663 et

137 1684 357 1764 Prophetarum
377 1686 466 1756 libri,
492 1703 529 1746 cx
548 1688 657 1764 quibus
676 1688 1220 1768 atemporelllachabaeorumaliquid

136 1778 207 1850 post
227 1771 393 1833 lectionem
415 1773 495 1850 legis
518 1777 657 1833 mosaicas
676 1774 710 1832 in
732 1774 894 1852 synagogis
916 1773 979 1848 legi
996 1775 1170 1845 consuevit,
1187 1775 1239 1834 in·

136 1855 311 1935 Hoptsorcs
322 1856 457 1918 distincti
470 1857 590 1917 fuerunt
602 1856 699 1932 (coni.
713 1859 782 1917 Act.
796 1858 842 1929 ld,
857 1857 955 1916 tls-lb.
973 1859 1045 1916 Luc.
1059 1857 1092 1928 b,
1105 1856 1219 1938 ibid).

172 1944 260 2005 Libri
280 1946 358 2006 sacri
374 1945 447 2006 novi
467 1945 604 2007 Foederis
620 1945 653 2004 in
670 1945 915 2006 commoditatem
935 1944 1076 2005 lectionis
1088 1945 1220 2023 publicae

135 2033 249 2095 saeculo
265 2033 399 2095 secundo
417 2033 514 2095 dividi
528 2041 687 2112 coeperunt
704 2034 736 2093 in
746 2034 894 2112 pericopes
907 2051 962 2093 seu
980 2033 1131 2093 sectiones
1147 2032 1220 2092 bre·

135 2136 201 2190 ves,
215 2126 248 2180 et
258 2119 368 2180 saeculo
379 2120 470 2180 tertio
479 2136 514 2180 ac
527 2127 632 2197 quarto
646 2120 678 2179 in
687 2121 840 2181 sectiones
851 2120 1021 2198 longiorem
1036 2138 1097 2180 non
1111 2119 1219 2181 cadem

135 2212 240 2267 tamen
253 2212 318 2267 erat
329 2206 408 2286 apud
421 2223 526 2266 omnes
538 2205 604 2266 haec
618 2205 892 2268 divisioEmebius
904 2208 936 2266 in
950 2207 1083 2284 Epistola
1095 2207 1133 2266 ad
1146 2206 1219 2269 car·

134 2291 277 2368 pianum,
291 2300 322 2352 et
335 2293 367 2352 in
380 2292 488 2354 decem
497 2293 664 2352 canonibus
675 2293 910 2370 Evangeliornm
920 2294 1021 2371 parvis
1031 2292 1218 2354 sectionibus

135 2394 208 2439 ustas
221 2387 277 2440 cst.
290 2378 435 2440 solebant
445 2379 611 2456 Evangelia
623 2379 812 2458 potissimum
822 2379 920 2441 dividi
931 2380 963 2439 in
972 2379 1143 2458 hujusmodi
1153 2396 1218 2442 sec·

135 2460 249 2533 tiones,
262 2479 328 2542 quae
339 2464 372 2524 in
384 2464 521 2543 margine
533 2464 726 2525 notabantur.

172 2548 290 2610 Divisio
309 2550 469 2610 Librorum
484 2566 637 2609 sacrorum
651 2550 723 2609 novi
740 2549 877 2610 Foederis
890 2550 922 2609 in
934 2551 1085 2611 sectiones
1097 2551 1217 2629 longio-

134 2649 187 2694 res
200 2642 325 2695 vocatur
337 2635 429 2696 etiam
442 2634 551 2695 divisio
561 2650 617 2712 per
630 2631 739 2701 titulos,
750 2650 786 2691 eo
801 2633 881 2709 quod
890 2635 970 2693 libro
980 2635 1217 2711 praemittebatur

133 2728 346 2799 argumentum
357 2737 413 2783 seu
425 2720 529 2781 titulus
545 2717 731 2796 singularum
743 2717 890 2794 partium,
905 2733 972 2793 qnae
985 2718 1119 2777 numeris
1133 2725 1214 2778 uota·

134 2804 249 2865 bantrrr
260 2807 292 2867 in
303 2808 449 2886 margine.

174 2890 304 2953 Veteres
323 2894 428 2954 Patres
446 2892 538 2972 graeci
550 2899 581 2952 et
593 2885 680 2952 latini
694 2885 877 2950 divisionem
889 2888 1050 2949 Librorum
1062 2904 1216 2949 sacrorum

135 2976 170 3037 in
182 2978 283 3057 capita
293 2994 329 3039 ac
340 2995 445 3041 versus
453 2995 516 3039 non
527 2977 687 3044 habentes,
700 2982 815 3035 textmn
828 2980 879 3035 aut
890 2973 1048 3034 historiam
1058 2973 1131 3033 libri
1144 2975 1218 3035 cita-

134 3061 228 3133 bant,
240 3070 273 3123 nt
288 3071 405 3125 constat
422 3081 461 3125 ex
477 3079 583 3122 corrnn
595 3061 754 3139 operibus,
768 3059 821 3118 ubi
832 3058 931 3135 capita
943 3074 978 3118 ac
991 3075 1094 3119 versus
1106 3060 1216 3119 nullibi

134 3145 326 3228 adlegantur.
342 3149 428 3210 Libri
447 3148 525 3208 sacri
539 3146 652 3207 veteris
670 3143 807 3203 Foederis
819 3140 899 3220 apud
917 3141 1041 3202 Graecos
1052 3148 1084 3201 et
1095 3143 1217 3204 Latinos

133 3232 205 3295 sine
217 3232 412 3297 distinctione
424 3234 592 3297 sectionum
603 3230 654 3292 vel
668 3230 801 3309 capitum
811 3228 955 3289 mansisse
969 3227 1114 3288 ridentur
1122 3245 1217 3306 usquo

135 3317 177 3379 ad
188 3319 330 3381 saeculum
343 3321 491 3397 qrrintum.
505 3319 549 3378 Eo
559 3323 661 3378 autem
673 3323 809 3394 tempore
822 3313 1043 3375 commoditatis
1055 3329 1143 3374 causa
1155 3315 1218 3374 cui-

136 3400 315 3465 libctbibro
328 3421 413 3465 sacro
423 3403 612 3483 praemissum
623 3401 681 3461 luit
691 3407 916 3480 argumentum,
927 3416 982 3461 seu
991 3397 1106 3468 titulus,
1116 3415 1218 3459 rerum

135 3486 171 3547 in
188 3486 243 3548 illo
261 3495 481 3550 contentarum.
502 3488 579 3551 Cum
597 3486 631 3546 hi
650 3484 730 3545 tituli
747 3485 968 3566 responderent
979 3483 1071 3543 variis
1083 3483 1217 3562 partibus

135 3570 226 3643 libri,
240 3581 272 3634 et
286 3573 335 3634 hae
348 3573 498 3635 distinctae
519 3575 649 3632 luerunt.
671 3573 726 3632 Hae
744 3578 856 3651 partes,
867 3588 922 3632 seu
939 3569 1084 3648 capitula,
1096 3569 1215 3628 unicum

134 3659 335 3721 continebant
352 3659 522 3737 subjectum
538 3658 625 3717 tilido
643 3657 824 3723 indicatum:
845 3656 939 3715 multo
955 3654 1113 3715 breviores
1131 3661 1217 3714 erant

136 3743 292 3807 modernis
317 3745 472 3826 capitulis,
500 3751 531 3803 et
554 3760 648 3821 usquc
670 3742 709 3804 ed
731 3742 873 3804 saecutnn
896 3739 1090 3801 undecimum
1100 3739 1217 3800 usitatas

134 3827 269 3892 luerunt.

172 3918 310 3979 Praesens
329 3916 440 3978 divisio
457 3916 615 3975 Librorum
628 3931 782 3976 sacrorum
795 3914 826 3972 in
839 3912 939 3992 capita
952 3909 1082 3970 debetur
1095 3907 1215 3988 llugoni

136 3996 295 4065 Cardinali
309 4002 425 4062 ordinis
438 4001 533 4063 sancti
540 4000 706 4069 Dominici,
717 4000 771 4077 qui
783 3997 892 4060 sarculo
905 3994 1074 4056 tredecimo
1087 3996 1218 4059 Concor·

168 4111 421 4186 *contumularer
433 4125 506 4175 opero
518 4113 561 4162 cit.
570 4144 576 4172 ,
586 4112 631 4160 lib.
645 4112 673 4172 l,
684 4124 707 4160 c.
719 4111 743 4159 lt.
1059 4178 1086 4221 m
