2708 4846
480 484 662 534 alanoalllt
681 486 878 538 sacuauunl.
1165 492 1210 544 ΗΒ

169 575 260 657 phrasis
274 576 430 639 chaldaica
449 576 572 648 Onleli‚
590 580 699 641 versio
719 582 839 641 arabica
861 587 892 642 et
911 584 1027 662 syriaca
1042 601 1110 644 cum
1126 590 1210 649 textu

169 661 593 734 heireoeoncordant3'lext11s
604 675 704 726 autem
717 668 922 741 samaritanus,
939 670 1066 731 testibus
1075 672 1210 751 Origene

169 752 378 830 etllieronymo‚
396 751 494 812 adhuc
509 767 577 814 saee.
592 760 697 830 quarto
711 760 742 813 et
757 754 861 832 quinto
872 772 941 815 cum
955 755 1077 817 hebraeo
1087 774 1210 819 coneor-

168 838 247 910 dahat3
261 855 353 919 quare
373 838 459 899 illum
476 845 582 919 postea
599 841 739 901 vitiatum
753 841 843 901 tuisse
859 848 988 921 oportet.
1007 842 1210 924 chronologia

109 1000 112 1005 .
169 942 240 1004 grau
251 928 329 986 lillll
343 927 544 1006 interpretum
559 926 691 989 studiose
707 934 820 988 mutata
835 926 926 988 luisse
936 929 1057 991 videtur
1064 931 1127 1009 jam
1139 940 1210 994 ante

169 1012 253 1075 Chr'ati
276 1011 438 1073 adventurn
447 1031 456 1082 ;
473 1029 544 1073 uam
560 1014 748 1075 Patriorchas
762 1014 794 1073 in
814 1014 930 1091 epocha
945 1016 1133 1094 paternitatis
1146 1021 1210 1079 lere

170 1114 244 1161 onnes
255 1099 309 1160 l00
325 1099 412 1158 annis
430 1100 599 1160 veteriores
615 1099 734 1171 reddit,
754 1116 843 1178 quam
860 1100 912 1159 alii
932 1106 1048 1171 textus,
1062 1111 1094 1162 et
1111 1105 1210 1180 quoad

111 1248 114 1265 Ε
166 1202 280 1249 tunnam
298 1202 446 1247 annorum
466 1203 571 1246 eorum
588 1189 660 1248 vitae
680 1206 749 1247 curn
765 1194 850 1248 textu
864 1186 1008 1247 hebraico
1026 1192 1169 1252 convenit
1187 1193 1208 1258 ¹.

165 1272 339 1354 interpolator
353 1270 387 1330 id
403 1271 509 1333 iecisse
526 1272 662 1344 videtur,
680 1282 713 1333 ut
730 1281 847 1352 tempus
865 1271 1059 1350 dispersionis
1074 1279 1211 1353 gentium

163 1358 254 1423 aelius
265 1377 335 1421 eum
351 1356 478 1420 historia
490 1361 614 1438 prolana
628 1360 807 1420 conciliaret
821 1357 911 1435 (conl.
925 1376 956 1417 n.
970 1359 1051 1439 120„
1064 1362 1115 1423 vel
1131 1364 1210 1425 torte

162 1448 309 1512 amtimana
332 1448 458 1525 Moysen
476 1446 509 1506 in
525 1448 595 1508 vitis
614 1446 853 1508 Patriareharum
870 1461 963 1506 annos
975 1455 1142 1510 menstnros
1156 1451 1210 1513 ad·

159 1536 314 1616 nupsisse,
332 1549 428 1593 annos
446 1532 570 1609 epochae
590 1549 694 1592 eurum
715 1530 922 1611 generationis
943 1533 1039 1603 auxit,
1057 1551 1097 1595 ne
1117 1535 1209 1613 aliqui

96 1628 98 1637 '
157 1620 317 1683 Paniarehae
334 1620 417 1697 juxta
431 1634 514 1678 suam
530 1617 715 1698 hypothesin
726 1617 822 1695 ,tertio
841 1623 891 1676 aut
911 1625 994 1679 sento
1014 1635 1093 1681 anno
1113 1623 1210 1683 aetatis

153 1708 275 1787 genuae
287 1706 462 1767 dicerentur
478 1703 568 1781 (noni.
582 1720 613 1762 n.
628 1703 706 1783 lla).

179 1794 243 1853 tal·
258 1791 326 1872 otj.
341 1789 373 1849 5⁰
389 1789 517 1870 Vulgata
534 1789 599 1869 ipsa
612 1788 715 1866 ,quood
732 1793 853 1848 aetatem
866 1816 903 1846 m
918 1785 1080 1867 llrphaxad
1096 1794 1210 1852 atextu

148 1876 257 1943 hebraeo
274 1878 436 1955 discrepat.

176 1968 256 2047 nup.
267 1965 386 2025 Verum
397 1962 463 2022 aliae
475 1959 631 2022 versiones
643 1981 675 2034 τῳ
687 1957 849 2038 Arphaxad
864 1958 920 2018 1⁸58
931 1974 1025 2019 annos
1037 1960 1108 2019 vitae
1124 1961 1210 2020 attri-

143 2054 247 2125 arnt,
262 2058 299 2112 ut
316 2054 415 2111 textus
430 2046 602 2107 hebraicus.
614 2045 763 2124 Vulgata,
780 2062 846 2123 quae
862 2075 894 2126 ep
912 2044 1073 2124 arphaxad
1088 2047 1210 2109 nonnisi

141 2140 292 2203 wiennae
299 2134 420 2206 tribuit,
433 2131 641 2196 verisimiliter
653 2131 886 2206 amanuensium,
897 2131 947 2193 vel
956 2131 1209 2213 typographorum

140 2225 242 2291 error·
334 2222 369 2283 it.

170 2239 366 2390 daliwi*
373 2304 435 2368 Sed
442 2310 540 2366 textus
547 2302 687 2364 hehraeus
695 2302 729 2362 in
737 2300 1062 2383 chronologiaminime
1070 2311 1210 2364 recenset

136 2406 204 2465 ante
212 2394 284 2460 sale
292 2394 421 2465 cainan,
431 2409 520 2471 quem
530 2392 609 2451 Lxx
619 2391 800 2469 interpretes
808 2392 874 2451 etS.
882 2393 985 2463 Lucas,
991 2389 1020 2460 5,
1031 2388 1207 2460 dibebant.

169 2486 256 2565 neap.
276 2480 394 2545 Caiuau
411 2479 468 2540 iste
485 2478 518 2537 in
535 2483 620 2536 textu
637 2476 761 2536 hebraeo
779 2493 939 2554 numquam
955 2476 1057 2536 extitit
1062 2493 1071 2546 ;
1090 2491 1160 2536 nam
1176 2477 1208 2538 in

134 2572 268 2635 textibus
292 2564 494 2636 Samaritam,
515 2563 655 2641 Syriaco,
675 2562 825 2634 Arabico,
848 2563 960 2642 inipso
986 2561 1085 2623 veteri
1106 2563 1209 2622 Testa-

134 2666 236 2723 mento
247 2652 403 2732 Vulgata,
416 2650 450 2711 iu
462 2651 511 2710 Fl.
528 2653 547 2709 J
549 2649 662 2729 osepho
675 2655 707 2709 et
719 2647 847 2709 Philone
861 2647 957 2709 deest.
970 2647 1147 2706 Existimant
1157 2647 1209 2707 alii

134 2747 250 2813 &man
265 2754 435 2819 cognomen
452 2753 519 2797 esse
541 2762 579 2791 του
590 2735 658 2795 Sale
673 2735 830 2812 ipsumque
848 2750 866 2793 a
882 2734 962 2792 LXX
976 2730 1209 2809 Interpretihus,

135 2828 254 2911 quos's.
263 2826 361 2888 Lucas
369 2830 490 2884 secutus
502 2839 567 2882 esse
579 2820 709 2890 videtur,
721 2819 866 2880 claritatis
873 2835 961 2880 causa
969 2816 1102 2878 additrnn
1108 2815 1208 2879 luisse.

135 2917 281 2979 Aliivero
290 2903 1209 2984 creduut,nomenCalnanversioniLXXinterpretumtuisse

135 3004 294 3071 mertum,
314 3003 347 3057 et
368 3012 406 3055 ex
422 2995 481 3055 hoc
499 2996 581 3054 lonte
598 2991 763 3071 Evangelio
780 2994 812 3052 S.
830 2993 919 3052 Luooe
937 2996 1039 3067 postea
1053 2989 1144 3050 iuuisse
1156 2989 1210 3052 ad-

135 3088 265 3168 jectum
282 3089 432 3145 atravera
444 3080 549 3145 Codex
557 3078 775 3156 manuscriptus
785 3073 1043 3152 cantabrigiensis
1061 3074 1094 3133 in
1110 3075 1201 3137 Evan·

138 3173 220 3255 gelio
230 3173 263 3233 S.
273 3170 362 3231 Lucae
375 3168 489 3231 Cainan
504 3183 566 3225 non
582 3170 731 3224 recenset.

174 3254 247 3315 tau.
263 3254 329 3337 obj.
346 3252 567 3313 andrenes
584 3248 723 3312 nonnuli
740 3245 862 3308 Judaeos
879 3241 1080 3321 corruptionis
1100 3242 1207 3305 Penta·

136 3342 238 3407 leuchi
260 3341 418 3402 accusant!

171 3432 258 3511 lterp.
275 3427 328 3487 isti
341 3426 447 3485 Patres
458 3421 661 3503 corruptionis
675 3420 845 3481 insimulant
861 3417 1013 3476 duntaxat
1027 3413 1142 3492 ahquos
1155 3414 1210 3472 Ju-

139 3510 333 3593 draauquoad
344 3509 483 3589 qviaedam
500 3507 683 3586 exemplaria
701 3514 769 3584 post
780 3502 892 3568 Christi
912 3498 1076 3561 adventum
1087 3499 1208 3567 vitiata,

137 3618 199 3665 noa
209 3606 312 3663 autem
324 3597 447 3658 Judaeos
457 3595 641 3676 generatim,
654 3592 753 3670 quoad
767 3590 866 3650 omnia
880 3587 1076 3668 exemplaria,
1093 3592 1125 3645 et
1140 3590 1209 3644 ante

140 3688 251 3757 (ΜΗ
259 3685 462 3749 nativitatem.
476 3684 528 3744 SS.
540 3681 735 3759 Augustinus,
746 3680 958 3754 Hieronymus,
971 3675 1089 3752 virique
1098 3672 1210 3751 linguar

138 3770 291 3839 hehruleae
300 3762 939 3851 prohegnericonveniunt,l>entateuchum
946 3760 1102 3820 hebraeum
1110 3757 1209 3835 quom

96 3886 98 3899 =
136 3838 348 4015 wa
368 3874 436 3920 cum
456 3853 662 3926 samaritanis,
684 3848 1068 3933 Lxx‚1uterpretibrs,‚et
1081 3845 1209 3924 Vulgata
1250 3924 1255 3931 ι

306 3961 338 4007 e·

104 4032 107 4045 Ι
138 4032 660 4123 ''l'htm'ralrulameuronologieamud
671 4049 713 4099 ssn.
724 4048 807 4097 llerm.

1067 4191 1083 4237 a
