2708 4846
135 480 182 534 tit
536 482 584 535 bit
597 482 801 535 Aulnrdrllt

137 563 392 652 apostolicarum,
406 574 547 639 Clemens
559 575 659 637 Aleu.¹
671 620 679 647 ‚
689 573 893 636 Tertullianus
903 570 932 644 '‚
945 559 1079 632 Hilarius
1091 571 1165 633 Plct
1175 557 1198 643 ⁸,

137 660 338 740 Hieronymus
349 650 371 735 ⁴,
385 665 501 725 Auctor
512 663 696 741 synopseos,
709 659 893 739 Augustinus
904 647 926 732 ⁵,
940 664 999 718 ete.

172 743 206 805 it·
217 749 384 822 Monaeses,
396 767 452 812 rex
472 749 590 811 Judaee
608 766 661 810 suo
681 747 772 809 exilio
785 744 918 806 nondum
939 759 1080 806 reversus
1089 744 1201 816 fueratt

138 846 230 908 quare
243 834 282 897 do
299 836 353 896 illo
372 837 405 897 in
416 835 497 897 libro
516 834 623 895 Judith
635 834 822 895 mentionem
835 831 934 893 iacere
948 847 1022 910 opos
1038 829 1207 902 baadanai,

136 914 300 982 benovero
310 921 350 982 de
362 938 475 983 summo
487 921 643 984 sacerdote
654 919 802 982 Eliachim
813 917 935 994 negotia
946 917 1035 996 regni
1045 917 1114 980 looo
1124 916 1220 996 regit

136 1001 270 1067 absentis
280 1007 515 1070 administrante.

172 1087 204 1148 δ’
211 1090 270 1152 Hie
281 1110 354 1154 vero
363 1093 511 1161 Eliacbim
517 1094 615 1174 potnit
626 1092 777 1152 binomius
790 1102 867 1160 esse,
880 1097 912 1151 et
923 1088 996 1151 aFl.
1005 1086 1140 1168 Josepbo
1149 1085 1214 1149 sub

136 1173 233 1237 altero
252 1181 374 1240 nomino
391 1180 552 1259 designari.
569 1177 762 1240 Pontificatus
775 1176 838 1254 ejus
851 1176 1001 1238 indicatur
1014 1177 1055 1236 lv
1068 1178 1145 1255 lieg.
1158 1172 1203 1249 ltt,

137 1266 169 1320 ot
180 1262 270 1336 ;lsaiao
284 1266 335 1336 am
354 1267 495 1328 successit
508 1267 635 1335 Lobnae,
651 1273 682 1327 et
692 1265 846 1344 praecessit
862 1263 1038 1343 pontificem
1050 1262 1201 1333 Heleiam',

137 1348 189 1425 qui
203 1351 261 1411 sub
276 1352 360 1413 dosia
375 1369 449 1430 rege
469 1352 579 1412 floruit.
600 1352 712 1413 Mirum
728 1369 789 1411 non
803 1357 848 1411 est
860 1366 1007 1410 summum
1019 1346 1200 1410 sacerdotem

136 1431 287 1497 Eliacbim
304 1440 426 1516 negotia
444 1438 532 1518 regni
548 1444 685 1514 tempore
696 1437 782 1498 istius
798 1436 874 1496 balli
887 1436 1126 1503 administrasse,
1136 1433 1200 1511 quia

136 1520 194 1579 sab
210 1520 339 1584 Ereclda
354 1539 443 1601 rege,
461 1523 580 1600 quando
597 1540 711 1602 summo
727 1519 903 1602 pontificatu
918 1520 1053 1581 nondum
1064 1518 1198 1597 iungeba-

137 1612 200 1679 tur,
219 1609 302 1688 regis
317 1611 439 1670 nomine
450 1609 543 1669 multa
555 1609 698 1681 iaciebat,
717 1616 751 1671 ut
767 1626 805 1669 er
824 1611 866 1669 lv
882 1610 958 1687 lieg.
975 1608 1021 1680 l8,
1039 1607 1085 1679 l8,
1103 1605 1150 1678 26,
1168 1600 1197 1665 bi

137 1691 244 1771 liquet.
262 1698 353 1758 isaias
370 1712 443 1765 vero
462 1696 501 1759 de
514 1695 662 1757 Eliacbim
674 1696 713 1774 (o.
725 1695 777 1768 ᾗ,
792 1694 896 1773 toti)
907 1694 1108 1775 praedixerat:
1119 1714 1135 1749 u
1146 1693 1197 1751 vo·

140 1781 246 1843 »cabo
261 1781 677 1845 servummeumliliacbim...
692 1790 723 1844 et
736 1783 794 1844 erit
804 1781 888 1861 quasi
901 1789 988 1859 pater
999 1778 1197 1861 babitantibm

138 1870 335 1931 »Jerusalem
349 1877 380 1931 et
392 1871 494 1931 domui
505 1869 594 1932 Juda.
608 1890 625 1927 n

174 1955 206 2017 6⁰
224 1959 403 2020 Holofernes
424 1959 650 2037 sane-reperire
670 1958 768 2036 potuit
788 1957 910 2020 Judaeos
925 1958 965 2016 ab
977 1953 1198 2033 drpbanadsot

137 2041 283 2105 Phraorte
300 2045 332 2104 in
350 2044 485 2105 Judaeam
502 2061 542 2105 en
558 2044 733 2122 captivitate
744 2046 885 2106 remissos
896 2043 944 2120 (n.
956 2041 1020 2112 257,
1034 2041 1095 2119 ld).
1109 2038 1199 2102 Potuit

138 2127 318 2190 Holoiemes
335 2146 401 2190 esse
421 2146 518 2191 novrrs
534 2129 684 2200 bellidux,
703 2147 722 2191 e
738 2131 842 2191 Persia
859 2137 909 2189 aut
923 2127 1025 2188 Media
1036 2141 1200 2189 recensat-

138 2215 279 2286 eersitus,
293 2221 383 2292 atque
400 2215 442 2275 ita
456 2215 596 2294 ignorare
608 2215 746 2288 ludaeos,
761 2232 922 2294 eorumque
935 2231 1042 2293 regem
1054 2214 1198 2293 Rabyloat

88 2314 91 2319 ⁴
138 2298 300 2375 captivum.
317 2299 418 2358 Potuit
435 2302 526 2360 etiam
539 2317 576 2361 ex
588 2300 732 2362 bacundo
745 2310 920 2380 contemptu
937 2300 1027 2361 hasce
1040 2300 1198 2379 interropt-

139 2382 236 2445 tiones
252 2384 426 2458 instituere,
440 2387 520 2464 quod
537 2403 647 2467 nempe
659 2404 769 2466 parvus
780 2390 921 2471 populus.
934 2389 981 2448 iili
995 2396 1056 2449 tarn
1068 2388 1149 2462 vilis,
1159 2386 1201 2447 io·

139 2469 224 2548 genti
236 2486 289 2530 suo
300 2471 447 2531 exercitui
461 2471 608 2533 obsistere
621 2473 758 2535 auderet.

175 2552 207 2612 7⁰
223 2555 312 2616 Forte
332 2556 624 2630 Nabuchodonosor,
644 2558 814 2620 Assaradon
834 2559 884 2620 rel
902 2559 1106 2629 Saosduchin,
1120 2557 1202 2620 belllt

135 2657 208 2702 cum
220 2642 286 2702 aliis
299 2642 416 2721 populis
428 2650 495 2723 post
510 2643 588 2706 hane
604 2645 721 2706 cladem
734 2646 896 2725 implicitus
914 2646 984 2717 tuit,
996 2653 1030 2704 ut
1042 2646 1121 2706 adeo
1132 2646 1203 2705 ham

139 2726 256 2789 cladem
267 2727 372 2789 ulcisci
385 2729 565 2806 nequiverit.
585 2732 687 2791 Potuit
701 2733 792 2791 etiarn
803 2733 920 2791 interea
933 2731 1010 2790 mori
1023 2738 1055 2792 et
1067 2730 1133 2809 ejus
1143 2744 1203 2792 sut·

139 2829 241 2876 cessor
252 2830 270 2876 a
280 2816 433 2895 proposito
445 2817 625 2896 subjugandi
637 2820 655 2876 J
659 2818 774 2879 udaeam
787 2825 817 2879 et
829 2820 996 2897 AEgyptum
1010 2817 1138 2879 destitit.

176 2899 207 2959 8⁰
218 2900 323 2961 Judith
336 2902 485 2961 actionem
491 2902 592 2963 laudat
603 2920 638 2964 eo
648 2905 703 2964 sub
710 2912 865 2984 aespeetu,
874 2922 933 2982 quo
942 2903 1063 2964 laudem
1072 2901 1203 2964 mereba-

139 2992 203 3057 tur,
216 2986 317 3048 laudat
328 3005 437 3067 nempe
448 2989 544 3049 zelum
553 2991 585 3049 in
594 2991 768 3051 ulciscendo
778 2999 891 3069 stupro,
903 2990 982 3068 quod
992 2990 1117 3051 Sicbem
1124 2990 1203 3051 biart

140 3072 292 3135 intulerat.
303 3076 369 3136 Non
389 3083 489 3135 autem
508 3077 778 3138 censeturlaudare
792 3078 928 3148 modum,
940 3085 972 3136 ot
983 3077 1109 3137 fractam
1122 3074 1204 3137 sidem
1236 3076 1244 3089 “

140 3160 299 3224 Simeonis.
329 3162 480 3226 Caeterum
504 3162 660 3223 Juditbam
685 3164 717 3223 in
741 3164 868 3241 singulis
892 3164 996 3224 verbis
1019 3163 1205 3225 infallibilem

135 3245 245 3319 tuisse,
259 3247 412 3325 Scriptura
422 3263 575 3308 sacranon
589 3248 674 3309 dicit.

176 3332 208 3393 9⁰
221 3333 328 3394 Judith
339 3333 508 3393 Bethuliam
521 3349 695 3394 econsensu
707 3334 843 3395 Praetecti
858 3339 1070 3394 etsenatorum
1079 3326 1205 3393 urbisalr

140 3415 227 3480 boste
247 3420 379 3480 liberare
398 3426 541 3479 statuerat
562 3438 569 3476 :
585 3421 745 3479 oratorium
765 3438 850 3481 suurn
863 3421 998 3500 ingressa
1012 3438 1020 3478 :
1036 3440 1052 3477 u
1065 3418 1141 3490 Fac,
1153 3418 1207 3479 Do

139 3506 269 3577 amine,
295 3504 528 3585 deprecabatur,
551 3512 585 3562 ut
610 3505 781 3567 lloloiernis
802 3506 903 3585 gladio
925 3506 1048 3586 proprio
1071 3500 1207 3586 superbit

139 3611 158 3649 n
172 3598 341 3672 amputetur
363 3609 371 3649 ε
392 3590 528 3667 capiatur
544 3589 652 3668 laqueo
669 3593 823 3652 oculorum
841 3611 961 3653 suorum
973 3592 1006 3651 in
1019 3605 1084 3663 me,
1100 3597 1132 3651 et
1143 3603 1207 3668 par·

141 3678 267 3739 acuties
285 3694 354 3738 eum
374 3693 412 3736 ex
428 3675 518 3735 labiis
538 3675 693 3738 charitatis
707 3699 722 3733 a
736 3676 832 3754 (juxta
850 3687 963 3738 tentum
980 3694 1115 3757 graecum
1126 3672 1207 3735 cmm

140 3760 269 3839 [otiosius
281 3763 378 3839 mem).
391 3764 438 3823 Ex
450 3778 509 3839 quo
522 3760 633 3838 liquet,
646 3762 800 3824 Juditbam
814 3764 1010 3824 Holofernem
1022 3764 1056 3823 in
1068 3778 1139 3823 suos
1150 3774 1207 3820 am·

140 3848 247 3926 plexos
258 3851 383 3912 minime
395 3847 571 3929 pertrahere
584 3848 730 3919 voluisse,
743 3851 797 3911 sed
810 3851 895 3910 illurn
907 3850 1061 3930 decipere.
1077 3846 1209 3911 Holofer-

140 3949 212 3994 aem
232 3935 304 3998 dein
325 3937 403 4009 adit,
424 3931 608 4013 transfugam
627 3934 783 4008 simulans,
799 3936 827 3996 ei
850 3936 907 4007 ait,
921 3953 955 3997 se
967 3932 1104 4004 novisse,
1116 3936 1209 3995 Deam

140 4077 145 4090 .
173 4039 268 4094 ¹clem.
280 4048 351 4098 Alex.
363 4049 493 4107 stromata,
503 4045 523 4095 l.
535 4044 713 4111 t.-¹’rertul.‚
723 4049 741 4096 l.
752 4049 783 4097 de
794 4045 972 4110 monogam-³
980 4048 1057 4099 ililar.
1069 4048 1097 4099 ln
1109 4048 1149 4098 Pa.
1160 4044 1208 4097 m·

142 4110 1030 4182 »smer.rpacmrumu.-³sue.,1.monocorcnratae.t.
1077 4110 1092 4143 ⁰
