2708 4846
132 414 193 515 ,801
554 460 601 514 Μ
618 458 846 525 aurusu'ttt,

179 548 227 616 lin
238 568 345 619 earum
359 553 500 617 ordinem
512 549 764 633 chronologicum

861 635 927 680 Anno
935 644 989 678 m
997 635 1056 687 nis.

291 698 602 759 inhibemlontoences,
766 694 879 745 Corinthi
965 697 998 747 tt

290 772 612 835 llcd'l'heesaloniceuses,
766 770 879 821 corinthi
965 770 998 819 tt

282 870 285 877 ·
321 848 476 907 atauus,
767 844 858 907 ephesi
964 842 1090 895 ceroto

302 920 519 988 incusante,
766 916 858 980 rpem
963 902 1090 977 uvotr

288 994 517 1052 neocosmum,
767 992 796 1039 ln
808 988 951 1043 urrunnu
965 992 996 1041 ln
1005 990 1048 1041 vel
1058 988 1091 1042 tt

320 1068 505 1129 adtonsum,
766 1064 879 1116 muniti
963 1062 1092 1119 lirim

321 1142 554 1203 hdl’hiternonem,
963 1140 994 1189 et
1161 1152 1167 1163 ¹

321 1214 556 1277 Adhhtllppeuscm
642 1180 738 1247 ΜΨ
766 1139 854 1265 {2:³2

243 1298 246 1305 ·
322 1290 538 1353 submonentes,
647 1322 649 1327 -
768 1289 853 1337 licum
964 1284 1000 1337 m

320 1362 504 1425 MEphesioo,
768 1362 852 1413 bonne
961 1358 997 1409 tt

322 1436 499 1496 tuncorsos,
768 1434 853 1485 noun
965 1432 1010 1487 β’

301 1504 542 1569 tanumothonm,
768 1508 950 1559 huntedonie
963 1506 996 1559 et

322 1584 466 1645 narrum,
767 1584 879 1646 eropon
965 1580 999 1631 ot
1081 1620 1085 1625 .

291 1658 537 1717 uncrinmtheuu,
768 1660 852 1707 llorner
922 1654 997 1707 ,68
1094 1698 1098 1707 .

179 1768 441 1850 subscriptiones,
455 1782 522 1845 quac
539 1768 573 1827 in
598 1771 683 1828 textu
705 1780 805 1847 mco
819 1768 937 1832 extem,
952 1778 1017 1823 non
1034 1778 1053 1823 a
1068 1762 1106 1825 l).
1117 1760 1207 1833 rau,

141 1856 198 1920 set'.
208 1856 306 1919 serius
314 1852 442 1931 adjectae
456 1870 522 1914 esse
535 1852 697 1924 videntur3
711 1866 806 1931 quare
815 1849 849 1909 in
858 1848 990 1930 Vulgata
1001 1865 1066 1911 non
1075 1848 1207 1931 loquutu.

498 1988 608 2043 cxcvii.
620 2012 651 2027 -
661 1988 746 2049 stylus
754 1988 787 2035 Ι).
796 1986 878 2037 mnu.

178 2116 251 2173 ru.
263 2112 389 2183 Paulus,
400 2111 474 2173 licet
485 2110 599 2189 optime
608 2110 641 2171 in
650 2109 817 2172 Rhetorica
826 2114 859 2170 et
869 2104 1068 2188 Philosophia
1079 2112 1210 2175 mim,

141 2200 181 2263 iis
191 2207 292 2263 temen
306 2198 340 2259 in
353 2197 415 2259 suis
427 2196 566 2277 epistolis
582 2194 758 2257 methodIce
769 2210 832 2255 uon
847 2194 963 2255 utitur:
978 2214 995 2250 n
1008 2192 1117 2257 Sermo
1126 2210 1210 2263 ucat.

142 2306 159 2345 n
172 2286 231 2354 ait,
245 2291 277 2343 et
289 2280 466 2363 praedicatio
479 2297 563 2351 mea,
577 2298 639 2341 non
649 2281 682 2341 in
695 2279 945 2361 persuasibilibus
956 2278 1100 2341 bruneum
1109 2280 1213 2363 aplu-

142 2388 159 2429 n
172 2368 223 2429 tim
236 2366 354 2435 verbis,
367 2365 423 2425 sed
437 2366 468 2424 in
478 2364 652 2425 ostensione
664 2365 789 2445 spiritus
802 2371 835 2427 et
845 2364 967 2426 virtutis
979 2362 1097 2443 (icor.
1109 2364 1144 2439 2,
1153 2364 1213 2445 ll.»

179 2452 257 2516 Cum
273 2448 495 2529 multiplicibus
507 2456 686 2529 gravaretur
698 2451 794 2520 curis,
808 2449 977 2531 spirituque
993 2450 1055 2512 Del
1067 2448 1216 2515 velim

140 2543 190 2597 ter
202 2535 396 2605 incitaretur,
409 2532 511 2613 potius
523 2548 626 2597 rernm
638 2534 837 2603 substantiam
848 2552 940 2614 quam
948 2534 1122 2617 dictionem
1132 2542 1216 2599 atton

139 2622 244 2685 debat.
258 2621 339 2683 ilinc
356 2619 421 2697 ejtu
432 2618 538 2701 lingua
548 2636 650 2703 graeca
661 2621 844 2701 quandoque
854 2638 916 2682 uon
927 2627 975 2682 est
984 2636 1081 2703 pura,
1090 2622 1218 2705 phratr-

141 2726 200 2789 qne
214 2707 325 2771 crebro
335 2706 514 2767 hebralcun
529 2707 733 2787 potiusquam
744 2722 879 2787 graecrm
889 2705 1218 2787 iuomnnpinntrro·

138 2804 286 2875 questu,
314 2794 454 2875 neglecta
473 2794 716 2865 constructione,
740 2794 850 2875 incipit
872 2792 1033 2875 periodos,
1055 2810 1133 2873 quan
1149 2792 1219 2857 unt

140 2878 287 2949 absolvit,
301 2894 338 2938 eo
352 2878 433 2957 quod
446 2879 669 2941 connexionem
682 2894 786 2940 rerum
797 2878 830 2939 in
847 2874 927 2939 ideis
941 2878 1077 2957 reponit.
1092 2878 1170 2943 Gur
1179 2894 1220 2941 u·

140 2960 226 3023 denti
236 2963 402 3025 animarum
414 2961 481 3023 zelo
493 2970 649 3034 estuaret,
660 2964 806 3025 verintes
814 2960 905 3035 fidei,
920 2980 990 3041 qnae
1000 2962 1051 3023 illl
1060 2962 1221 3027 mitum

139 3048 244 3110 cemos
261 3048 473 3123 versabantur,
495 3050 558 3111 suis
577 3050 745 3113 lectoribus
766 3048 857 3113 simul
875 3048 1022 3129 ingerere
1039 3042 1178 3124 volebttt
1193 3056 1222 3111 et

137 3132 212 3196 binc
225 3140 271 3197 tot
283 3135 502 3216 digressiones,
516 3134 732 3217 parentheses,
746 3153 781 3199 ac
793 3134 1047 3217 transpositiones
1058 3137 1094 3197 iu
1107 3134 1221 3217 elmlit·

137 3222 214 3283 teris
229 3230 405 3296 occurrunt,
431 3240 500 3303 quae
516 3224 630 3303 juncte
656 3222 856 3303 profunditati
881 3222 1041 3285 abstractu
1062 3222 1220 3293 doctrine,

136 3307 220 3369 illius
241 3308 352 3386 stylum
365 3306 523 3369 intellectu
544 3306 703 3370 (liitlcilem
723 3306 982 3386 redduntsqunre
1003 3308 1037 3369 S.
1059 3308 1171 3373 Petrus
1186 3306 1220 3371 de

136 3392 282 3472 Epistolis
300 3396 337 3455 u.
360 3394 446 3455 Pauli
465 3394 610 3456 dicebat:
625 3398 690 3455 «in
713 3395 823 3475 quibus
841 3403 911 3461 sunt
929 3394 1071 3475 quaedam
1093 3394 1221 3479 difflue

138 3497 155 3533 n
168 3478 342 3551 intellectu,
357 3496 424 3557 quae
439 3480 555 3540 indocti
570 3497 606 3541 ac
624 3480 783 3543 instabiles
797 3478 965 3560 depravent
983 3478 1029 3555 (ll
1042 3478 1112 3543 Pet.
1127 3480 1221 3556 t,·tt·

138 3581 155 3617 n
169 3562 235 3640 iti).
252 3584 267 3620 n
281 3565 408 3625 interim
418 3566 534 3627 Doctor
545 3566 692 3631 Gentium
707 3583 761 3629 sna
773 3572 952 3645 argumenta
970 3564 1051 3627 mire
1065 3564 1221 3649 emptitius

137 3653 170 3727 et
181 3650 339 3731 restringit
344 3669 353 3721 ;
367 3652 499 3713 lectores
509 3652 601 3713 modo
616 3653 722 3733 erigit,
735 3653 827 3715 modo
841 3652 997 3731 percellit,
1011 3652 1108 3715 modo
1117 3652 1221 3715 leuiter

138 3737 171 3791 et
189 3734 281 3795 modo
301 3735 503 3797 vehomenter
518 3734 625 3809 allicit,
644 3746 736 3816 atquc
757 3740 790 3799 in
810 3738 856 3799 eis
877 3736 1003 3799 allectus
1020 3752 1220 3817 quoscunque

135 3834 193 3899 pro
214 3820 392 3883 diversitate
412 3824 582 3901 argumenti
609 3824 741 3886 excitat:
757 3824 1046 3903 «Quotiescumque
1059 3826 1134 3905 lem
1148 3824 1220 3886 Pu·

137 3922 154 3959 n
167 3904 245 3977 lum,
264 3910 366 3970 aicbat
386 3909 604 3987 Hieronymus,
629 3911 738 3973 videor
755 3911 833 3973 mihi
852 3928 914 3973 nou
932 3910 1030 3975 verba
1045 3912 1105 3975 sed
1118 3908 1218 3975 tutin

138 3994 300 4054 »tonitrua
316 3996 336 4053 ¹.
352 4019 367 4051 n
854 4046 859 4053 .

152 4097 272 4164 '¹lllor.,
282 4104 359 4166 lipist.
371 4104 398 4153 bl
412 4105 444 4155 nd
453 4108 648 4156 Parnmathlnnr.
