2708 4846
151 462 200 511 258
558 458 603 506 DE
624 456 826 508 ananensis

189 557 257 614 istae
270 551 496 623 similitudines,
511 550 680 630 allegoriae,
693 557 766 621 etc,
775 547 955 621 Ezechielis,
967 565 986 609 a
997 545 1135 610 moribus
1145 549 1213 611 Oott·

152 638 317 699 dentalinm
328 636 453 708 alienae,
466 635 630 716 aptissimae
638 641 724 696 erant
734 633 772 694 ad
781 633 942 714 superbos,
953 634 1144 712 pervicaces,
1156 652 1215 717 pra-

150 725 393 802 varicatoresque
403 722 526 784 Judacos
538 720 774 784 confundendos.
787 722 822 780 ln
833 719 940 780 calidis
955 720 1093 781 Orientis
1102 722 1216 800 regioni·

150 809 207 871 bus
219 810 278 871 alia
291 817 338 870 est
347 808 467 870 decoris
481 809 574 878 ratio,
588 824 678 886 quam
692 807 725 867 in
745 806 864 886 frigidis
883 804 1062 867 Occidentis
1076 805 1217 886 plagisln

150 895 297 968 Oriente,
312 895 365 955 ubi
384 912 472 955 sexus
492 895 640 955 femineus
657 894 695 953 ab
714 892 810 954 altero
824 909 899 953 sexu
914 892 1078 970 separatim
1096 891 1216 962 habitat,

149 978 289 1040 homines
305 987 350 1041 sat
363 978 462 1041 libere
478 980 517 1041 de
532 977 703 1059 hujusmodi
724 977 815 1040 rebus
830 978 1012 1057 loquuntur,
1029 978 1106 1054 quin
1125 978 1218 1058 aliquis

149 1066 411 1128 indeoiiendatur.

187 1153 560 1231 Caeterumposterioribus
570 1150 1217 1232 saeculischraeilectionemprophetiarun

148 1239 317 1300 Ezechielis
326 1257 387 1299 non
398 1238 456 1300 nisi
472 1238 510 1299 50
521 1239 619 1300 aetatis
632 1254 744 1298 annum
761 1238 880 1317 adeptis
895 1237 1111 1318 permisertmt.
1123 1240 1217 1299 Junio·

147 1342 207 1395 res,
217 1332 248 1386 et
256 1323 817 1402 carnismolcstiissubjecti,alectione
825 1324 1052 1403 prophetiarum
1060 1324 1217 1387 Ezechielis

148 1412 320 1474 abstineant
331 1409 343 1490 (
351 1410 439 1473 Coni.
450 1428 482 1472 n.
493 1410 591 1483 md
605 1417 637 1472 et
646 1409 802 1487 tii-tib).

493 1574 534 1622 DE
547 1572 716 1621 eneruem
730 1572 876 1621 otuinus.

217 1758 221 1763 Ι
393 1690 409 1760 5
424 1694 491 1743 CXL.
502 1717 532 1730 -
541 1692 641 1744 Daniel.
654 1693 719 1743 AEtas
731 1691 785 1754 cius
794 1693 977 1744 vaticiniorum.

182 1839 254 1895 548·
265 1835 375 1897 Daniel
393 1832 532 1896 detribu
552 1834 645 1907 duda,
663 1842 694 1895 et
708 1835 793 1910 regia
804 1842 856 1896 aut
873 1834 981 1896 saltem
997 1834 1100 1896 nobili
1115 1835 1216 1898 mandis

145 1922 500 2002 natustc.t,5d),quarto
513 1940 591 1983 anno
603 1924 685 2004 regis
695 1922 816 1982 Joalim
828 1919 926 1982 adhuc
935 1923 1060 2002 iuvenis
1070 1925 1216 1985 cumtlm·

144 2011 213 2082 nia,
230 2009 352 2081 Misaol,
364 2010 489 2081 Azania,
508 2007 636 2086 aliisque
656 2009 750 2086 regiis
766 2014 796 2067 et
811 2008 965 2068 nobilibus
981 2008 1216 2072 adolescentibus

143 2094 227 2173 jussu
234 2094 537 2155 Nabuchodonosoris
545 2093 909 2172 Babylonemdeportatus
917 2092 981 2163 tuit,
990 2100 1025 2153 ut
1032 2095 1080 2154 ibi
1087 2096 1216 2157 sciendas

144 2181 338 2261 lingtmmque
360 2180 572 2243 Chaldaeorum
599 2179 722 2240 edoctus
747 2179 785 2240 ad
806 2177 905 2240 cilicia
923 2181 1008 2259 regia
1032 2180 1212 2243 evellerem.

145 2267 340 2332 Chaldaicum
352 2281 465 2325 nomen
477 2265 623 2324 baltassar
632 2265 776 2334 obtinuit,
786 2282 822 2326 ac
834 2266 866 2324 in
879 2266 948 2325 aula
961 2267 1112 2329 enutritum
1121 2267 1182 2328 tuit

180 2351 272 2430 Legis
288 2351 427 2409 mosaicae
443 2348 564 2409 sedulus
579 2349 635 2409 init
650 2351 837 2410 observator.
848 2351 959 2413 Tribus
978 2354 1069 2414 annis
1085 2352 1215 2416 scientias

143 2434 337 2512 linguamque
349 2429 559 2493 Chaldaeorum
572 2430 710 2501 edoctus,
723 2432 975 2512 sapientibusque
982 2433 1138 2498 Chaldaeis
1152 2435 1214 2498 doc·

143 2520 205 2580 tior
221 2524 376 2597 repertus,
394 2534 502 2577 munus
521 2516 652 2576 aulicum
669 2518 796 2595 adeptus
814 2527 870 2579 est.
890 2523 919 2580 A
942 2521 1008 2581 Deo
1026 2521 1155 2584 donatus
1169 2520 1215 2582 luit

143 2604 256 2683 insigni
268 2603 455 2683 perspicacia
466 2603 609 2673 visiones,
621 2610 652 2662 ct
663 2604 778 2664 somnia
790 2606 970 2689 mysteriosa
982 2607 1215 2685 explicandl,ret

141 2690 275 2752 occultas
290 2689 453 2760 noscendi,
467 2696 558 2767 atque
572 2688 651 2750 dono
663 2688 762 2749 lutura
773 2690 972 2771 praedicendi.

179 2778 215 2836 ln
235 2792 289 2837 sua
300 2773 460 2853 juventute
476 2781 588 2835 castam
606 2776 787 2847 Susannam,
801 2794 819 2837 a
835 2776 952 2837 duobus
964 2784 1057 2839 astate
1072 2781 1214 2858 provectis

140 2860 293 2942 judicibus
307 2878 467 2942 perperam
488 2861 630 2921 adulterii
647 2870 829 2933 accusatam,
847 2863 1044 2923 innocentem
1060 2865 1213 2935 declarari,

142 2955 232 3025 atque
249 2948 330 3028 ipsos
349 2947 458 3025 impios
475 2945 592 3024 judices
609 2949 773 3026 promerita
788 2965 877 3026 poena
893 2947 981 3008 adlici
1001 2953 1132 3014 our-avie
1148 2953 1213 3017 Ceut

140 3030 428 3094 Nabuchodonosori
438 3032 617 3112 explicasset
630 3033 779 3097 somnium
789 3034 827 3094 dc
840 3040 935 3093 statua
944 3051 981 3094 ex
989 3037 1087 3098 variis
1093 3036 1213 3100 metallis

139 3121 285 3190 conflata,
299 3121 482 3199 gubernator
493 3121 658 3201 provinciae
675 3121 855 3199 Babylonis,
867 3122 1091 3203 praefectusque
1101 3127 1212 3208 sapien·

140 3212 204 3266 tum
217 3205 427 3270 Chaldaeorum
440 3206 619 3267 constitutus
631 3206 696 3266 fuit.

176 3291 238 3353 Sub
255 3293 477 3352 successoribus
500 3292 805 3354 Nabuchodonosoris
824 3294 1042 3372 aliquantuhun
1063 3297 1212 3376 neglectu

138 3378 204 3450 iuit3
219 3384 250 3438 at
260 3378 316 3439 sub
327 3377 419 3436 Dario
432 3377 522 3437 bledo
533 3377 589 3437 iuit
599 3396 676 3439 unus
688 3377 727 3439 de
740 3380 836 3441 tribus
848 3381 968 3458 imperii
980 3382 1147 3460 praeiectis,
1154 3382 1212 3461 qui·

138 3464 195 3526 bus
215 3464 433 3544 gubernatores
450 3464 506 3524 i20
529 3466 753 3544 provinciarum
773 3467 895 3546 imperii
916 3467 1069 3528 rationem
1087 3468 1211 3531 reddere

138 3551 302 3612 debebant.
311 3551 425 3610 Verum
433 3567 501 3611 cum
511 3550 644 3610 edictmn
652 3552 796 3623 Darii,ab
806 3553 911 3614 aulicis
921 3554 1060 3615 Danielis
1067 3551 1209 3633 perdendi

137 3654 225 3699 causa
238 3644 398 3707 extortum,
408 3644 440 3697 et
449 3654 465 3697 a
474 3639 539 3697 Deo
549 3637 793 3717 hominibusque,
803 3656 878 3719 rege
888 3648 1025 3718 excepto,
1035 3658 1095 3720 per
1104 3639 1210 3702 etdies

138 3724 300 3801 quidquam
319 3724 383 3803 peti
400 3730 517 3794 velam,
532 3723 612 3784 baud
631 3726 834 3796 observasset,
850 3727 883 3785 in
900 3727 1077 3806 speluncam
1091 3726 1208 3789 tconm

137 3808 290 3886 conjectus
302 3809 373 3880 fuit,
385 3826 401 3869 e
415 3825 474 3887 qua
486 3810 581 3871 altera
593 3810 644 3871 die
657 3810 767 3873 illaesus
780 3811 905 3873 eductus
917 3818 972 3873 est.

60 3893 70 3921 ‘
173 3896 270 3974 Cyro,
288 3898 446 3958 Persarum
462 3898 544 3975 regi,
564 3896 649 3976 cujus
669 3900 798 3961 conviva
820 3906 851 3960 et
868 3899 983 3961 amicus
1004 3899 1077 3973 fuit,
1093 3898 1205 3963 detexit

136 4017 304 4078 retranchant,
315 4020 359 4069 des
368 4017 443 4071 soriis
452 4018 550 4084 publice
560 4035 617 4072 sous
627 4035 670 4073 son
680 4037 747 4084 nom,
757 4023 812 4072 tout
824 4022 903 4085 cequi
915 4023 994 4077 blesse
1005 4026 1030 4076 la
1044 4022 1203 4089 religiosus

136 4097 227 4139 meurs
240 4089 312 4138 elles
320 4090 380 4149 lois,
395 4093 926 4156 cmeentatscuequtemnutsapuoe.
1140 4088 1143 4093 ’
