2708 4846
144 468 190 518 let
548 466 593 514 nn
614 460 811 514 innuerim

177 560 208 621 5⁰
220 547 329 621 Pluvia
337 546 399 619 non
412 557 512 637 potuit
520 557 664 619 decidere
674 573 713 617 ex
731 551 893 616 altitudine
903 549 939 611 lt
949 548 1216 630 cubitorumsupra

138 645 319 707 celsissimos
330 643 458 716 montes,
473 661 510 705 eo
521 643 603 722 quod
614 660 742 724 vapores
753 642 798 701 ibi
811 638 882 718 gelu
894 636 1150 714 constringantur.

127 748 130 757 ·
173 729 205 790 6⁰
218 729 365 793 Columba
374 729 473 790 oleam
488 729 630 793 invenire
646 727 785 805 nequivit
795 726 828 786 in
840 722 1000 796 Armenia,
1022 737 1059 783 eo
1071 719 1158 800 quod
1172 718 1237 787 int.

138 813 215 877 oleae
226 815 308 877 haud
320 823 472 879 crescunt.

173 901 205 962 7⁰
218 903 370 963 Animalia
388 919 426 963 ex
446 919 515 964 arca
533 907 654 982 egressa
670 900 796 960 interra
814 895 899 975 aquis
909 895 1065 957 devastata
1074 893 1246 958 aliment—

136 989 273 1068 reperire
283 1007 345 1049 non
357 989 527 1050 valuerunt.

172 1076 205 1135 8⁰
227 1078 258 1138 si
279 1075 425 1137 diluvium
447 1076 619 1138 universale
639 1073 781 1153 contigit,
805 1072 854 1133 eui
872 1071 952 1132 bono
973 1070 1048 1130 fuit?
1069 1069 1246 1134 Homines

136 1159 277 1222 meliores
288 1179 349 1222 non
360 1160 504 1222 reddidit.
517 1162 638 1240 Moyses
649 1159 756 1222 scribit
768 1175 829 1230 eos,
841 1156 929 1219 simul
941 1172 975 1216 ac
986 1162 1055 1235 post
1066 1154 1244 1216 diluviunn

137 1245 327 1325 multiplicati
341 1247 475 1317 luerunt,
492 1247 623 1308 evasisse
643 1245 826 1316 idololatras,
844 1241 983 1321 injustos,
1005 1241 1038 1300 in
1051 1240 1136 1302 belia
1147 1257 1239 1321 pre-

137 1348 207 1403 nos,
221 1340 280 1393 cte.
294 1334 343 1392 An
355 1349 416 1393 non
428 1333 535 1393 mellus
544 1333 665 1403 fuisset,
679 1332 704 1392 si
714 1333 795 1391 Deus
811 1347 863 1390 sua
876 1328 1098 1407 omnipotentia
1110 1344 1233 1408 pravas

137 1417 293 1478 hominum
310 1419 524 1479 inclinationes
543 1425 701 1489 mutasset,
723 1434 812 1495 quam
831 1417 857 1477 si
877 1424 972 1477 totum
984 1415 1114 1493 globum
1131 1415 1228 1493 aquis

137 1505 367 1577 submersisset,
379 1511 411 1564 et
422 1504 561 1564 ordinem
573 1511 688 1563 naturae
696 1503 862 1563 turbasset?

177 1589 210 1650 9⁰
223 1591 326 1652 Solum
337 1590 486 1650 diluvium
502 1590 674 1650 universale
687 1606 748 1649 non
759 1589 858 1667 potuit
875 1586 1027 1647 advehere
1039 1593 1156 1646 tantam
1166 1604 1218 1648 eo·

136 1676 218 1754 piam
229 1676 471 1754 conchyliorum,
480 1692 639 1754 corporum
651 1693 686 1737 ac
697 1681 896 1735 monstrorum
907 1674 1210 1745 maritimorum,eaur

138 1763 171 1823 in
182 1762 328 1843 profundo
342 1763 458 1824 telluris
469 1763 552 1834 sinu,
566 1778 808 1838 summorumque
820 1761 968 1820 montium
977 1759 1209 1839 verticibuscol-

136 1849 253 1924 locare,
277 1858 366 1928 atque
386 1851 419 1909 in
443 1851 541 1928 ipsum
561 1867 614 1909 cor
636 1850 861 1909 durissimarum
881 1849 1001 1926 rupium
1023 1864 1059 1908 ac
1079 1847 1207 1926 lapidum

137 1934 302 1999 insinuare.
325 1939 399 1997 Haec
414 1936 560 2014 explicari
580 1942 736 2013 nequeunt
755 1935 814 1995 nisi
835 1932 1049 2013 supponendo,
1063 1948 1148 1992 mare
1159 1949 1207 2012 per

137 2019 223 2098 plura
240 2022 350 2082 saecula
367 2022 455 2083 ambo
475 2021 559 2099 globi
578 2023 731 2083 terrestris
739 2021 953 2090 hemispheria
965 2020 1137 2080 successive
1147 2036 1206 2080 coo

136 2123 284 2184 peruisse.¹

174 2193 259 2270 desp.
284 2194 403 2269 Moyses
427 2192 536 2253 nullibi
560 2193 667 2253 scribit
690 2192 836 2253 diluvium
865 2191 948 2269 juxta
971 2191 1075 2252 solitas
1098 2198 1206 2251 natm-e

137 2274 222 2352 leges
242 2277 421 2353 contigisse,
435 2279 526 2335 imino
540 2277 652 2339 diserte
666 2278 723 2350 ait,
735 2279 833 2357 ipsum
845 2277 974 2355 positiva
986 2277 1144 2337 voluntate
1157 2275 1207 2337 Dei

136 2359 301 2420 immissum
321 2361 427 2433 luisse,
447 2361 576 2439 proinde
598 2379 663 2423 esse
685 2363 878 2433 miraculum,
893 2362 972 2439 quod
993 2378 1067 2422 sane
1089 2360 1208 2423 difficile

136 2462 198 2523 non
218 2447 274 2505 luit
290 2446 336 2505 illi
352 2448 404 2524 qui
418 2454 514 2507 totum
528 2450 702 2510 universum
719 2467 756 2510 ex
772 2450 869 2510 nihilo
886 2449 1012 2510 creavit.
1027 2448 1153 2508 Nullum
1169 2454 1210 2509 est

137 2532 246 2591 iactum
259 2532 290 2591 in
303 2538 365 2591 tota
377 2532 506 2604 Genesi,
517 2533 601 2610 cujus
610 2542 745 2613 tempore
757 2537 871 2613 Moysis
883 2536 997 2596 certior
1005 2534 1211 2596 memoriaha·

136 2614 205 2675 beri
226 2616 373 2687 debehat;
395 2634 431 2679 ac
447 2618 576 2696 proinde
599 2621 721 2698 Moyses
741 2622 839 2699 ipsum
859 2618 1031 2700 confingere
1047 2620 1212 2698 nequidem

136 2703 297 2779 potuisset,
311 2703 429 2764 etiamsi
450 2706 604 2765 voluisset.
623 2708 745 2767 Nullum
766 2717 811 2769 est
833 2707 943 2768 lactum
956 2707 1115 2784 antiqurnn
1134 2706 1213 2786 quod

136 2785 299 2864 majoribus
322 2789 453 2848 criteriis
478 2791 615 2851 veritatis
637 2794 759 2865 nititur,
782 2811 870 2870 quam
890 2793 985 2863 istud;
1005 2810 1075 2853 narn
1089 2815 1105 2850 n
1120 2792 1213 2871 Hujus

138 2890 154 2925 n
166 2870 288 2942 diluvii,
303 2873 345 2931 ait
356 2874 401 2932 ll.
412 2873 572 2953 dompnus,
584 2882 615 2934 et
624 2892 701 2936 arcae
713 2880 916 2937 meminerunt
929 2895 1033 2937 omnes
1045 2879 1213 2940 barbaricae

138 2975 154 3010 n
168 2954 301 3016 historiae
313 2959 491 3036 scriptores,
505 2968 537 3019 et
554 2960 587 3019 in
600 2959 648 3020 his
663 2962 792 3023 Berosus
804 2964 995 3026 Chaldaeus...
1010 2966 1214 3044 [lieronymus

138 3061 154 3097 n
169 3042 364 3121 AEgyptius...
377 3051 408 3104 et
420 3045 576 3106 Manaseas
588 3047 789 3109 Damascenus
804 3047 826 3109 ¹.
838 3070 853 3105 n

174 3125 258 3186 idem
267 3128 312 3188 Fl.
322 3127 483 3205 Josephus,
498 3131 656 3205 Eusebius,
671 3133 856 3210 Polyhistor,
870 3141 900 3193 ct
913 3133 1070 3211 syncellus
1078 3136 1215 3196 referunt

136 3209 218 3288 juxta
235 3213 379 3274 Berosum
393 3221 424 3273 et
435 3214 619 3293 Abydenum
632 3219 825 3296 Assyriorum
841 3236 876 3278 ac
890 3218 1101 3281 Chaldaeorum
1113 3219 1154 3281 de
1168 3222 1216 3282 di·

137 3295 219 3358 luvio
236 3298 443 3370 traditionem,
460 3318 528 3377 quae
545 3320 614 3363 cum
630 3305 743 3380 Moysis
762 3305 889 3364 historia
906 3304 1040 3382 perfecte
1057 3309 1214 3370 convenit.

138 3384 304 3462 Abydenus
324 3387 541 3458 Patriarcham,
560 3392 616 3447 sub
638 3407 696 3466 quo
716 3391 865 3451 diluvium
883 3392 1024 3470 contigit,
1038 3393 1217 3456 Xisuthnrm

138 3479 240 3541 vocat,
254 3488 344 3547 quem
365 3472 441 3530 dicit
462 3489 530 3530 cum
552 3491 604 3533 sua
625 3475 737 3535 familia
757 3485 967 3538 conservatum
979 3478 1069 3539 luisse
1082 3481 1117 3541 in
1130 3499 1215 3554 arca,

136 3555 217 3632 jussu
227 3557 284 3617 Dei
298 3556 336 3616 ad
348 3555 405 3617 hoc
419 3565 577 3618 exstructa.
593 3561 761 3638 Abydenus
778 3565 964 3625 mentionem
980 3565 1052 3625 iacit
1069 3566 1111 3626 de
1129 3568 1218 3629 volu·

137 3644 238 3706 eribus
252 3661 289 3705 ex
301 3660 369 3703 arca
381 3643 507 3714 emissis,
521 3645 560 3705 ad
568 3645 740 3720 sciendum,
758 3669 831 3710 num
843 3660 923 3712 terra
937 3652 1159 3729 calcearetur,
1171 3654 1217 3715 uti

139 3729 221 3791 etde
239 3727 385 3792 sacrificio
402 3746 419 3789 a
435 3730 570 3804 Noemo,
584 3750 638 3794 seu
651 3735 810 3809 llisuthro,
827 3745 896 3818 post
919 3755 1072 3817 egressum
1089 3758 1129 3801 ex
1146 3757 1218 3803 arca

137 3813 260 3876 Numini
276 3816 387 3878 oblato.
405 3817 436 3876 Si
451 3818 616 3897 Abydenus
629 3822 824 3900 polytheisrni
839 3824 936 3896 ideas,
960 3827 1218 3891 circumstantias·

139 3918 197 3977 que
213 3904 360 3966 fabulosas
377 3921 438 3965 suae
449 3903 585 3968 historiae
598 3908 678 3970 haud
691 3909 914 3984 admiscuisset,
929 3913 1042 3993 Moysis
1056 3913 1218 3978 historiam

141 3989 332 4066 exscripsisse
344 3991 508 4053 diceretur.
1040 3992 1044 3997 ’

171 4091 471 4167 ¹l1.Joseolr.Aoth.,l.
484 4102 507 4165 l,
518 4114 538 4149 c·
551 4101 573 4150 lt.
