2708 4846
103 532 112 557 ,
466 486 653 535 trunonuu
672 486 866 536 sscnonurt.
1158 488 1199 536 tet

195 571 258 633 llinc
266 572 444 653 Augustinus
456 573 625 653 Antipodes
638 571 830 653 negavit(do
844 572 937 635 Civit.
951 571 1021 643 Dei,
1034 570 1108 645 tlt,
1118 591 1144 634 c.
1153 576 1199 651 9),

166 662 192 714 et
204 657 368 729 bonifacius,
384 657 628 738 archiepiscopus
645 660 837 737 moguntinus
855 658 1030 737 legatusque
1050 658 1200 719 Zachariae

165 740 352 817 mpanaecub
366 747 472 802 octavo
483 741 630 819 vigilium
642 758 697 802 seu
707 739 869 818 virgilium
877 740 1067 819 episcopum,
1077 742 1201 821 Antipo-

166 820 219 885 duu
232 827 411 887 existentiam
423 825 652 900 defendentem
663 827 839 888 haereticum
854 825 1035 898 declaravit,
1047 832 1082 886 ut
1099 828 1201 888 Aven-

165 907 225 971 mu
233 913 259 973 iu
268 913 434 973 Annalibus
448 914 582 974 Bavariae
595 914 699 975 refert.

193 995 359 1061 t⁰llomincs
378 1000 441 1060 albi
459 1008 490 1060 et
509 1002 590 1079 nigri
605 1002 740 1079 profecto
758 1018 776 1062 a
793 998 902 1061 Noemi
919 997 1001 1070 tiliis,
1013 1016 1067 1060 seu
1086 999 1124 1059 ab
1143 1016 1203 1059 uno

102 1108 106 1131 ε
166 1075 308 1155 sinicium
319 1080 557 1159 proficiscuntur.
571 1083 651 1144 lliuc
666 1100 761 1162 genus
774 1083 936 1142 humanum
947 1088 1014 1160 post
1027 1080 1173 1140 diluvium
1185 1098 1202 1141 a

164 1164 216 1229 tois
227 1168 329 1229 Noimi
342 1165 412 1229 filiis
425 1175 621 1248 propagatum
635 1187 697 1228 non
713 1170 780 1230 fuit.
793 1168 827 1229 ld
840 1168 963 1229 aliunde
973 1167 1092 1228 diversa
1104 1168 1203 1229 vario·

162 1261 208 1311 ttm
217 1255 389 1334 populorum
401 1254 529 1326 indoles,
543 1271 578 1316 ac
588 1255 712 1320 vivendi
722 1256 799 1314 ratio
809 1255 948 1314 innuunt.

187 1337 242 1399 117.
259 1341 342 1419 Resp.
366 1339 513 1400 Homines
525 1340 661 1400 extitisse
674 1348 743 1399 ante
756 1340 920 1410 Adamum,
934 1339 985 1415 qui
997 1338 1202 1400 Praeadamitae

160 1423 356 1495 missisunt,
377 1423 564 1485 tradiderunt
582 1426 719 1504 primitus
738 1424 891 1495 Gentiles,
903 1424 955 1502 qui
968 1440 1023 1503 per
1036 1426 1203 1487 vetustissi-

158 1519 216 1581 llas,
227 1511 358 1590 ineptas,
371 1510 489 1587 sibique
508 1510 754 1571 contradictorias
766 1510 976 1588 chronologias
990 1510 1094 1571 mundi
1111 1512 1203 1589 origi-

156 1606 207 1655 nem
219 1596 255 1657 ad
266 1595 498 1656 innumerabilia
510 1595 574 1655 fere
590 1596 698 1656 sarcula
709 1595 882 1656 referebant
897 1595 993 1671 (conf.
1011 1614 1042 1655 n.
1060 1597 1141 1674 118).
1156 1601 1202 1658 ln-

155 1680 282 1743 trcdibile
294 1679 379 1742 dictu
393 1688 454 1751 est,
468 1687 653 1760 quantopere
666 1680 731 1741 haec
745 1681 884 1741 doctrina
893 1680 1203 1744 dePraeadamitarum

153 1765 292 1829 existentia
303 1765 423 1846 placcat
436 1764 592 1826 hodiernis
602 1765 802 1826 Natmalistis.

175 1850 301 1911 loannes
320 1850 451 1922 Brunus,
466 1848 666 1927 Philosophus
682 1848 908 1920 aristotelicus,
923 1848 1026 1909 docuit
1042 1850 1121 1911 solos
1141 1852 1202 1911 lle·

88 1950 90 1955 ·
147 1930 229 1997 lmus
240 1935 280 1996 ab
291 1934 409 1996 Adamo
421 1942 452 1995 ct
464 1934 549 1993 Hera
559 1933 707 2011 originem
716 1931 844 2005 ducere,
853 1933 986 2010 reliquos
995 1938 1068 1994 v'ero
1077 1935 1203 2013 populos

144 2018 321 2085 dmendere
333 2038 352 2083 a
362 2020 478 2082 duobus
494 2019 563 2079 aliis
576 2018 748 2080 hominibus
760 2035 779 2079 a
789 2021 853 2079 Deo
867 2026 955 2079 antea
966 2021 1086 2082 creatis.
1099 2023 1203 2083 Romae

142 2123 210 2171 anno
221 2108 297 2170 1600
305 2109 339 2169 in
350 2124 456 2186 rogum
467 2104 621 2183 conjectus
632 2105 697 2168 fuit.

169 2196 467 2273 isaacusPeyrerim,
475 2193 644 2273 Burdigalae
655 2194 688 2253 in
699 2193 1016 2258 GalliiseCalvinistis
1028 2197 1203 2273 parentibus

136 2298 210 2344 anno
223 2282 297 2344 tttut
307 2288 409 2352 natus,
423 2281 562 2359 expensis
577 2297 633 2359 per
644 2280 682 2340 20
692 2296 802 2353 annos,
812 2289 845 2341 ut
857 2282 921 2360 ipse
934 2280 1041 2353 refert,
1054 2284 1203 2362 capitibus

135 2370 331 2438 chnescos,
343 2366 403 2427 etii
414 2366 556 2446 Epistolae
570 2366 610 2426 ad
621 2368 786 2437 Romanos,
798 2366 1060 2428 Praeadamitarum
1072 2369 1204 2430 existen·

135 2454 331 2535 tiamparitcr
339 2452 539 2532 propugnavit
546 2469 625 2513 anno
635 2452 706 2515 1653
716 2453 885 2531 conscripto
894 2452 984 2525 libro,
994 2455 1204 2534 quicomplee·

133 2538 461 2603 titurEaeerct'tutt'oaem
469 2554 554 2619 super
565 2539 693 2600 versibus
706 2538 760 2610 ta,
771 2539 807 2597 {5
818 2546 844 2597 et
853 2540 888 2597 lt
904 2557 968 2617 cup.
977 2539 995 2598 h
1004 2542 1061 2617 Ep.
1071 2540 1201 2603 aditum.

134 2645 169 2689 uc
181 2628 316 2705 Spstcmu
335 2622 521 2704 theologicum
537 2641 573 2684 ex
587 2623 739 2703 hypothesi
748 2623 1013 2684 Preodemitorum
1022 2633 1201 2688 tanezatum.

133 2712 228 2773 Liber
237 2710 290 2773 hic
303 2709 401 2770 varias
412 2709 444 2768 in
457 2709 575 2789 linguas
583 2726 688 2770 versus
698 2708 788 2769 fuisse
800 2708 921 2769 dicitur.
932 2709 1018 2767 Hanc
1027 2714 1127 2767 autom
1137 2713 1203 2790 opi-

134 2798 274 2870 nionem,
287 2797 450 2876 Scriptura
466 2814 559 2859 sacrae
574 2796 767 2867 contrariam,
786 2794 846 2854 viri
859 2793 1028 2873 gratissimi
1043 2811 1112 2854 mox
1124 2796 1205 2856 refu-

135 2890 252 2958 tarunt,
264 2889 298 2945 et
307 2882 467 2961 Pcyrerius
481 2900 560 2944 auno
573 2882 645 2943 that
661 2880 809 2942 Bruxellis
823 2881 856 2939 in
870 2897 1023 2941 carcerem
1036 2879 1203 2957 conjectus,

134 2962 256 3031 Caluini
267 2974 381 3029 sectam
392 2968 534 3045 ejuravit,
544 2968 656 3027 librum
665 2983 750 3027 suum
759 2967 792 3024 in
801 2964 1015 3044 deprecatione
1026 2966 1065 3025 ad
1073 2967 1205 3028 Alexan-

135 3052 226 3115 dnmr
234 3054 292 3113 Vll
306 3052 473 3124 damnavit,
486 3069 521 3112 ac
533 3050 719 3113 Catholicam
727 3049 919 3129 Religionem
931 3051 1085 3128 amplexus
1099 3059 1159 3123 est,
1172 3052 1205 3111 in

137 3154 201 3218 qua
212 3154 290 3201 anno
299 3138 338 3200 82
350 3139 447 3221 aetatis
456 3139 532 3199 obiit
544 3154 623 3198 anno
637 3137 707 3197 1676
722 3135 744 3196 ¹.
864 3186 868 3194 .

172 3224 321 3305 On’genes
332 3224 476 3287 docuerat
489 3230 645 3303 peccatum
662 3223 694 3282 in
708 3219 832 3280 homine
849 3237 915 3281 csse
930 3221 963 3279 in
982 3225 1059 3279 statu
1072 3218 1204 3291 inertiae,

133 3328 231 3393 mque
242 3310 283 3373 ad
294 3330 381 3374 usum
389 3313 470 3372 illius
477 3311 602 3372 rationis
610 3317 700 3387 atque
708 3309 751 3368 ita
759 3324 820 3367 nou
830 3305 970 3385 imputari
981 3305 1144 3365 infantibus
1154 3321 1204 3376 ea,

135 3416 204 3479 quae
217 3415 306 3481 neuma
316 3399 442 3459 rationis
453 3397 570 3477 adeptis
581 3397 774 3476 imputantur.
786 3394 830 3452 Ex
842 3392 898 3452 hac
912 3391 1055 3469 Origeuis
1070 3388 1206 3451 doctriua

133 3482 299 3563 Peyrerius
313 3499 400 3543 suum
417 3499 550 3542 errorem
565 3480 723 3541 deduxisse
734 3477 864 3538 videtur.
875 3477 1065 3537 Admittobat
1077 3476 1207 3554 plurium

133 3582 282 3627 annorum
293 3565 437 3644 spatium,
449 3581 507 3641 quo
517 3570 611 3623 totum
620 3579 715 3641 genus
722 3559 883 3620 hmuanrtm
892 3576 985 3636 usquc
995 3558 1034 3617 ad
1042 3558 1205 3627 Adammn,

135 3651 187 3713 cui
203 3668 275 3714 mus
285 3650 412 3711 rationis
431 3657 462 3709 et
474 3649 523 3709 lcx
539 3656 652 3708 naturae
664 3647 793 3726 primum
805 3644 874 3704 data
888 3651 1002 3715 essent,
1017 3643 1101 3719 quasi
1114 3642 1146 3700 in
1159 3643 1207 3702 in·

133 3736 227 3799 fantfn
242 3736 358 3798 fnisset.
376 3735 456 3795 Male
471 3734 634 3795 intellectis
645 3732 781 3795 versibus
794 3731 846 3802 li,
859 3730 894 3789 15
906 3740 936 3791 et
948 3731 982 3788 11
992 3746 1056 3807 cop.
1068 3727 1086 3786 tt
1098 3728 1154 3805 Ep.
1168 3728 1208 3787 ad

126 3820 223 3887 ΜΕ.
248 3820 412 3883 adserebat
426 3819 564 3880 homines
583 3819 698 3879 Adamo
718 3817 954 3897 praeexistentes,
972 3813 1145 3873 notionibus
1160 3831 1207 3873 su-

114 3904 380 3991 naturalibus
391 3905 430 3967 de
446 3908 509 3967 Deo
524 3912 555 3964 et
569 3904 638 3983 lege
656 3912 771 3964 natmae
782 3903 951 3971 destitutos,
962 3899 1071 3957 vixisse
1085 3899 1116 3957 in
1129 3906 1207 3959 statu

88 3980 210 4077 ’,ἦρε
221 3992 372 4064 naturali,
383 3992 472 4053 statui
484 3991 656 4051 animalium
666 3989 757 4050 simili
764 4007 776 4073 ;¹
786 3996 876 4065 atque
887 3987 930 4047 ita
941 3991 1064 4063 peccata
1073 3984 1133 4048 illis
1144 4002 1206 4049 non

88 4072 128 4147 ³2¹¹
160 4102 289 4177 tm
300 4106 335 4157 cl.
345 4103 465 4173 dicerunt
476 4100 617 4166 tfe'moires,
626 4101 697 4170 tlt,
