2708 4846
153 488 748 607 ueuuuautttttaa
775 490 1048 615 attubus

582 736 629 776 suu

73 890 498 982 {subobscuro
533 897 600 981 IN
634 894 858 983 LIBROS
896 894 1134 985 SAGROS

317 1130 483 1191 varsuts
500 1130 555 1195 AC
570 1130 667 1193 Nova
685 1130 876 1193 FOEDERIS.

74 1310 1118 1345 Q

71 1484 335 1569 dinami-nean
354 1526 467 1571 sucnnn
482 1510 664 1591 appellamus
680 1509 762 1570 illam
775 1509 945 1583 scientiam,
964 1528 1030 1589 qum
1043 1528 1123 1573 exao

71 1600 134 1651 tarn
146 1594 305 1653 Librorum
321 1610 472 1656 sacreum
486 1596 538 1657 dat
558 1596 777 1675 cognitionem,
795 1596 973 1675 regulasque
989 1596 1081 1669 tradit
1094 1590 1130 1663 at

70 1679 235 1756 genuinum
248 1696 351 1739 cortun
363 1696 480 1741 sensum
492 1682 743 1759 investigandum.

108 1764 153 1823 Er
166 1782 258 1844 scopo
277 1766 377 1843 igitur
389 1784 482 1827 sacrae
502 1767 591 1844 hujus
608 1767 804 1829 institutionis
824 1768 1086 1829 Hermeneuticam
1099 1766 1132 1828 in

71 1852 205 1928 quinque
218 1852 318 1931 capita
336 1853 537 1933 dispertimur.
557 1857 590 1913 ln
608 1854 704 1931 primo
724 1870 847 1932 agemus
862 1854 902 1913 de
917 1854 1075 1913 Librorum
1086 1870 1134 1912 sa·

70 1956 332 2012 crorumcauone‚
350 1940 532 2001 insecundo
551 1940 590 2000 de
612 1956 715 1999 corum
734 1941 913 2011 diivinitate,
937 1940 970 1999 in
989 1940 1077 1998 tertio
1094 1939 1134 1999 dc

69 2023 203 2099 ipsorum
220 2022 398 2095 humentia,
417 2024 450 2084 in
468 2030 573 2101 quarto
592 2024 631 2085 de
649 2024 768 2083 illorum
786 2026 885 2084 Textu
898 2024 1066 2103 primitivo,
1080 2042 1135 2083 va-

70 2108 185 2185 riisque
197 2110 411 2181 versionibus,
426 2111 457 2169 in
474 2112 580 2188 quinto
594 2110 714 2171 mndcm
729 2111 768 2172 de
780 2126 889 2182 ¹eorum
900 2112 1057 2187 Sensibus,
1072 2112 1135 2173 ae-

70 2194 210 2273 gulisque
221 2196 394 2275 Exegeticis
405 2213 461 2257 seu
471 2196 738 2275 interpretationis.

401 2335 598 2397 NOTIONES
614 2335 802 2397 PRAEthtE.

330 2476 467 2519 nrursro
482 2477 660 2520 uranoauu
676 2476 872 2521 sncnonuu.

113 2598 141 2653 i.
155 2598 251 2659 Sacra
267 2600 423 2679 Seraptmua
439 2602 560 2663 nominc
574 2602 782 2681 inteiliguntur
794 2602 879 2663 Libri
891 2601 955 2665 Deo
968 2601 1134 2685 inspirante

74 2687 249 2765 conscripti,
266 2694 355 2765 atquc
368 2694 402 2746 ut
414 2688 488 2748 talcs
503 2689 541 2749 ab
553 2688 688 2750 Ecclesia
702 2688 848 2769 propositi
857 2692 881 2747 *.

103 2820 114 2839 ⁴
125 2822 276 2871 Extanttihri
287 2823 441 2884 pseudosacri
449 2824 583 2873 Gentilium
590 2825 775 2887 modernorum,
783 2813 1038 2875 htuhamniedanorum
1049 2828 1137 2875 ct'l'ai-

74 2893 247 2952 tundistarurn,
258 2906 319 2953 quos
330 2894 419 2941 Deistae
436 2895 521 2942 codem
533 2896 585 2943 ioco
596 2908 651 2943 curn
663 2896 741 2943 Libris
757 2896 830 2944 saeris
841 2896 1030 2945 Christianorum
1045 2896 1137 2947 haherc

73 2973 122 3008 nnn
133 2964 257 3009 verentur.
267 2963 313 3021 Qui
323 2964 349 3010 et
359 2965 444 3023 quates
453 2963 495 3012 isti
505 2964 562 3011 iibri
572 2964 675 3013 fabulosi
685 2965 749 3025 siut,
761 2964 801 3013 hic
812 2965 1137 3028 pauctarcicrcmus,1tcis-

73 3034 154 3080 tarurn
164 3030 267 3090 ineptias
278 3032 379 3078 soluturi
390 3044 415 3078 n.
427 3032 466 3079 bh.

105 3100 172 3145 Libri
182 3099 333 3158 pseudosacri
341 3100 487 3160 Gentilium,
499 3100 578 3148 adime
590 3100 764 3161 existentium,
779 3101 851 3149 sunta

105 3172 124 3217 i.
135 3172 303 3230 zeta-Acesta,
315 3172 383 3231 cuius
393 3176 477 3222 auctor
488 3172 546 3220 otim
558 3172 665 3220 creditum
676 3171 724 3219 iuit
733 3176 859 3220 Persarum
870 3172 1081 3233 pseudopropheta
1093 3176 1136 3222 Ζο-

72 3248 179 3308 master,
194 3248 219 3295 et
228 3258 277 3307 quo
286 3248 364 3295 Persa·
373 3248 400 3295 ut
409 3248 472 3295 tihro
489 3248 574 3296 divino
587 3246 699 3295 utuntur.
713 3247 743 3293 D.
754 3246 868 3307 Anquctit
881 3246 915 3294 du
928 3248 1017 3293 Pcrron
1028 3247 1092 3293 hunc
1106 3248 1137 3295 ii-

73 3316 214 3365 hrmnanno
225 3317 281 3363 tata
290 3348 298 3375 ,
308 3316 420 3377 Parisiis,
434 3316 500 3376 typis
518 3316 627 3363 mandari
643 3316 739 3363 curavit
748 3316 793 3363 suh
806 3315 894 3364 tituto:
910 3316 1084 3373 lent-Acesta,
1096 3330 1138 3364 oa-

72 3400 142 3447 tropc
153 3388 179 3433 de
190 3388 314 3433 Zoroastre
320 3417 328 3442 ‚
337 3398 441 3446 eumque
449 3388 576 3446 piusquam
584 3386 780 3445 2‚000aunorum
790 3386 897 3435 existere
907 3386 1051 3434 autumavit.
1058 3386 1139 3435 Scatet

73 3454 190 3515 hocopus
207 3454 318 3503 absurdis
333 3454 471 3515 ineptisquc
486 3454 624 3503 sententiis.
635 3454 743 3516 vestigia
760 3456 892 3517 tudatsnu,
904 3454 1094 3515 Christianismi,
1109 3471 1138 3507 ac

72 3524 191 3573 dictiones
200 3522 305 3571 arabicae
314 3535 370 3583 quae
383 3524 409 3570 in
419 3523 462 3570 itio
477 3526 620 3584 occurrunt,
635 3526 723 3571 saecuto
733 3525 837 3585 septimo
849 3525 978 3573 dumtaxat
986 3524 1138 3574 innotescero

72 3596 173 3654 potuere
185 3592 280 3652 Persis,
294 3604 341 3652 per
354 3593 444 3641 Arabes
455 3594 604 3653 subiugatis,
621 3593 772 3653 probantque
788 3595 850 3642 ittud
864 3607 926 3655 opus
939 3592 1057 3641 zoroastri
1072 3594 1138 3644 haud

72 3675 132 3711 esse.
144 3664 212 3711 tuter
222 3661 283 3708 aiios
292 3660 356 3709 ritus
365 3661 544 3722 superstitiosos
559 3663 584 3710 in
595 3663 648 3723 ipso
659 3662 824 3723 prescribitur
833 3664 904 3711 urina
920 3675 1000 3711 raecae
1015 3661 1137 3722 tamquam

70 3745 164 3783 aarum
176 3730 329 3793 purgationis
338 3730 456 3779 medium.
466 3733 544 3781 Persa
555 3732 655 3779 adorant
665 3732 761 3793 ignem,
773 3733 922 3793 creduntque
935 3732 1017 3791 ignem
1028 3742 1137 3797 morunt,

72 3804 222 3851 aZoroastro
237 3800 379 3860 incensum,
395 3800 485 3849 abhinc
498 3800 570 3861 t,000
585 3814 702 3849 annorum
719 3814 816 3862 semper
831 3802 930 3860 ardere;
943 3799 985 3845 uhi
1000 3802 1082 3847 autern
1092 3802 1138 3850 itte

70 3870 134 3933 buta
142 3872 188 3933 sit,
200 3870 324 3929 ignorant.
338 3868 533 3919 Christianismus
547 3871 573 3918 et
587 3869 818 3919 htuhamnrodisrnus
830 3872 956 3918 Persarum
966 3868 1138 3919 Gentitismurn

70 3942 122 3993 tere
130 3940 294 3989 sustulerrmt.
302 3938 375 3987 Pauci
386 3940 428 4000 qui
438 3941 463 3987 in
470 3939 553 3988 Persia
563 3952 591 3986 ac
602 3939 670 3987 india
681 3938 718 3986 itti
729 3938 807 3987 dediti
819 3939 898 3987 adhuc
911 3939 1054 3998 supersunt,
1062 3942 1139 3988 Gauri

69 4009 251 4071 mmmmm.
267 4006 385 4067 (constris
401 4010 493 4069 Voyupc
508 4010 539 4055 da
554 4008 667 4056 cheuoticr
677 4008 780 4057 Chordis
794 4022 823 4057 en
837 4011 922 4064 Perse,
937 4008 1037 4054 hrastet.
1049 4008 1136 4069 1755).

98 4080 130 4135 tt.
137 4078 240 4141 Vadam,
247 4077 379 4142 quodopus
386 4078 538 4129 utdtviaitus
547 4074 1017 4137 revelatumterrerenturttrachmanes,
1024 4074 1137 4126 indorum

988 4155 1000 4205 t
