2708 4846
803 206 821 243 ‘e

128 444 179 494 tot
421 445 467 492 bs
485 443 603 491 sextu
621 442 665 490 ΕΤ
683 441 925 491 vehslottlbvs

127 539 233 598 luisset
243 555 259 591 u
271 535 398 595 arduum
409 534 491 595 senis
503 540 621 593 mutare
631 531 775 611 linguam,
789 539 822 592 et
830 537 1050 593 senescentem
1055 529 1121 608 y'am
1132 546 1205 591 mon

128 641 146 680 o
161 622 233 684 dum
243 619 281 680 ad
293 619 383 680 initia
398 619 519 680 trahere
532 618 725 698 parvulorum
735 617 784 677 ’.ιι

164 707 196 765 5⁰
213 708 339 771 Constat
355 706 486 784 Vulgata
504 722 542 764 ex
558 703 646 764 libris
663 703 736 764 novi
753 701 892 764 Foederis
910 701 1049 780 antiquae
1068 702 1205 764 versionis

127 791 212 852 italae
224 808 241 851 a
254 792 284 852 S.
298 792 486 868 Hieronymo
499 788 538 850 a'd
549 805 658 870 preces
668 788 788 849 Damasi
803 788 842 848 li.
854 787 890 848 P.
899 784 989 864 juxta
1004 786 1130 851 codices
1140 805 1205 869 gie·

126 893 181 938 eos
192 875 349 938 correctis.

445 1006 463 1074 5
477 1008 554 1057 xxii.
569 1007 629 1057 Fata
638 1006 760 1058 versionis
768 1007 887 1070 Vulgata.

164 1146 238 1201 (tot.
250 1143 475 1222 LieetVulgata
489 1142 590 1203 versio
602 1141 760 1220 utriusque
771 1138 929 1212 Foeden's,
949 1158 1024 1220 quae
1035 1144 1204 1206 muimaox

127 1242 215 1313 parte
227 1234 266 1294 D.
278 1232 499 1310 Hieronymum
507 1237 662 1289 auctorem
672 1230 725 1290 vel
741 1237 946 1290 correctorem
958 1227 1076 1300 habet,
1089 1231 1205 1312 sitpre-

128 1318 253 1389 cellens,
265 1324 297 1376 et
306 1317 338 1375 in
350 1332 465 1394 genere
478 1332 532 1375 suo
544 1314 773 1383 absolutissima,
784 1314 824 1374 ab
832 1313 923 1373 initio
931 1321 1037 1378 tamen
1051 1335 1115 1378 suas
1128 1320 1206 1400 adpa-

127 1403 248 1464 ritionis
261 1401 497 1480 quamplurimos
507 1408 597 1461 nacta
610 1406 656 1461 est
667 1399 868 1471 adversarios,
880 1398 922 1461 de
933 1402 1050 1479 quibus
1059 1405 1092 1465 S.
1107 1407 1204 1468 Hiero-

127 1506 235 1566 nymus
261 1489 294 1547 in
321 1487 461 1548 omnibus
486 1486 551 1546 iere
578 1485 825 1564 praelationibus,
844 1492 878 1545 et
897 1486 934 1546 in
951 1489 1062 1551 multis
1082 1494 1205 1570 epistol‘s

127 1574 351 1651 conqueritur:
372 1591 389 1629 u
408 1570 524 1650 Cogor,
541 1571 660 1643 aiebat,
676 1587 733 1649 per
753 1571 889 1650 singidos
905 1573 1077 1653 Scripturas
1097 1579 1204 1642 Divina

128 1660 252 1721 »libros
269 1658 511 1720 adversariorum
526 1657 713 1737 respondere
721 1656 909 1729 maledictis,
920 1661 974 1737 qui
986 1660 1205 1744 interpretatio-

129 1766 146 1801 »
159 1762 229 1806 nem
241 1760 341 1805 meam
350 1743 622 1823 reprehensionem
630 1743 821 1822 septuaginta
832 1743 1038 1823 interpretum
1052 1751 1204 1812 criminan-

129 1851 146 1887 s
159 1838 208 1890 tur
220 1830 243 1890 ³.
256 1851 271 1886 o
285 1829 488 1892 clamitabant
499 1829 552 1888 alii
565 1827 745 1905 Hieronymi
766 1828 981 1890 recensionem
992 1833 1070 1894 novi
1082 1835 1205 1900 Foedeais

128 1925 268 1978 veterum
279 1915 449 1976 auctoritati
463 1931 529 1977 esso
541 1914 716 1991 injuriosam
726 1899 749 1974 ³.

165 2003 380 2080 Hieronymus,
387 1997 847 2080 praeoccupatarmnopinionmn
853 1991 952 2078 probe
958 2009 1205 2080 gnarusfflmm

128 2090 166 2148 li.
181 2089 231 2158 Ρ.,
242 2088 295 2164 qui
307 2086 394 2146 illum
410 2085 450 2146 ad
462 2084 676 2163 corrigendum
694 2101 807 2143 novum
818 2085 1056 2150 Testamentum
1070 2096 1206 2157 versionis

129 2172 213 2232 ltalae
222 2171 392 2241 induxerat,
399 2169 562 2231 dicebatzu
572 2169 644 2230 Pius
653 2168 751 2238 labor,
759 2167 815 2228 sed
824 2170 1000 2248 periculosa
1008 2181 1203 2258 presumptio,

129 2255 294 2333 »iudicare
317 2254 356 2314 de
378 2254 514 2322 caeteris,
534 2253 632 2330 ipsum
658 2253 697 2313 ab
721 2253 861 2314 omuibus
879 2253 1086 2332 judicandum
1105 2281 1112 2321 τ
1131 2265 1205 2325 senis

129 2361 146 2396 o
159 2345 275 2398 mutare
285 2339 434 2414 linguam,
449 2345 480 2396 et
491 2345 702 2397 senescentem
711 2336 774 2414 jam
782 2337 928 2398 mundum
940 2341 981 2400 ed
991 2342 1085 2406 initia
1096 2347 1205 2409 trahere

130 2445 146 2479 o
160 2422 362 2498 parvulorum.
374 2422 450 2497 Quis
463 2420 545 2479 enim
555 2420 661 2483 doctus
671 2423 786 2502 pariter
795 2422 846 2484 vel
855 2423 997 2488 indoctus
1006 2473 1016 2501 ,
1026 2448 1098 2491 cmn
1106 2433 1138 2494 in
1149 2451 1205 2494 ms-

130 2530 146 2564 »
159 2525 216 2568 nus
232 2505 374 2566 volumen
395 2505 607 2584 assumpserit,
628 2515 660 2566 et
679 2524 697 2567 a
715 2509 824 2580 saliva,
846 2527 938 2585 quam
958 2517 1060 2576 semel
1076 2519 1202 2592 imbibit,

130 2613 147 2650 o
158 2591 270 2653 viderit
282 2590 455 2668 discrepare
467 2589 548 2667 quod
559 2589 693 2665 lectitat,
704 2611 768 2653 non
783 2594 884 2655 statim
896 2608 1040 2678 erumpet
1051 2601 1085 2663 in
1096 2622 1202 2676 vocem,

131 2701 147 2736 r>
162 2696 212 2738 me
238 2678 412 2747 falsarium,
434 2692 484 2735 me
508 2675 666 2739 clamitans
690 2696 757 2741 esse
781 2681 983 2760 sacrilegum,
1008 2689 1064 2764 qui
1089 2691 1203 2755 auam

130 2764 272 2842 »aliquid
286 2765 319 2823 in
333 2762 489 2823 veteribus
500 2761 588 2822 libris
600 2762 724 2834 addere,
737 2773 866 2836 mutare,
879 2770 1040 2847 corrigere
1050 2762 1073 2834 ⁴.
1089 2797 1106 2833 o

167 2853 196 2911 A
215 2849 345 2926 posteris
365 2854 480 2919 autem,
493 2848 676 2922 aequioribus
686 2849 858 2927 judicibus,
869 2854 972 2914 versio
985 2858 1018 2918 S.
1036 2861 1201 2942 Hieronymi

126 2936 196 3015 jure
217 2936 326 2994 morito
348 2933 513 3012 approbata
533 2934 603 3002 iuit,
616 2935 725 2994 saeculo
742 2937 849 3012 quinto
869 2943 900 2998 et
915 2949 1003 3001 sexto
1014 2944 1049 3004 in
1062 2964 1201 3029 mampu-

130 3020 247 3080 blicum
263 3018 467 3079 Ecclesiarum
482 3018 671 3088 Latinarum,
685 3022 862 3083 auctoritate
880 3024 1077 3103 potissimum
1094 3035 1126 3095 s.
1136 3032 1201 3094 Gre-

120 3089 209 3184 'gorii
221 3104 323 3183 magni
332 3092 355 3173 ⁵,
368 3110 506 3181 recepta,
520 3110 552 3162 et
568 3104 678 3164 saeculo
691 3105 819 3182 septimo
831 3107 865 3168 in
878 3109 1060 3174 manorum
1070 3117 1203 3179 Eeeloeiis

52 3198 61 3215 ‘
129 3190 316 3270 generaliter
337 3189 476 3250 adhibita
496 3189 563 3248 iuit.
586 3180 688 3266 Quare
709 3192 741 3252 S.
765 3192 897 3256 isidorus
920 3199 1087 3281 episcopus
1109 3205 1203 3285 Hispo·

128 3266 242 3339 iensis‘
252 3277 364 3338 saeculo
377 3277 505 3354 septimo
519 3275 620 3335 aiebat
633 3296 641 3334 :
656 3296 673 3334 u
685 3279 730 3338 De
744 3277 868 3340 hebraeo
880 3281 1054 3347 inlatinum
1063 3289 1203 3369 eloquium

132 3385 148 3420 s
161 3362 367 3446 tantummodo
378 3363 581 3441 Hieronymus
590 3364 751 3443 presbyter
759 3381 858 3440 sacras
865 3368 1040 3449 Scripturas
1048 3378 1203 3446 convertit,

130 3468 149 3506 o
162 3449 247 3529 eujus
257 3447 393 3507 editione
403 3447 573 3524 ymeruliter
583 3465 688 3510 omnes
697 3451 841 3511 Ecclesiae
850 3469 1072 3536 usquequaque
1083 3469 1204 3530 munior,

130 3553 147 3590 o
160 3554 216 3614 pro
236 3550 273 3594 eo
286 3531 367 3609 quod
380 3532 518 3592 veracior
529 3532 569 3591 sit
580 3533 613 3593 in
626 3537 796 3606 sententiis,
804 3543 836 3597 et
844 3537 999 3602 clariorin
1012 3547 1133 3608 verbis.
1146 3568 1162 3603 s

166 3621 315 3679 Successu
336 3617 481 3694 temporis
502 3634 571 3676 cum
594 3621 779 3699 exemplaria
799 3623 951 3685 versionis
972 3625 1206 3711 hieronymiana

129 3703 295 3784 eoepissime
313 3700 561 3763 describerentur
589 3720 625 3764 ac
644 3705 933 3785 multiplicarentur,
951 3713 1039 3774 varia
1054 3731 1207 3778 amanuen-

74 3812 80 3821 ’
162 3835 650 3887 «riser.belesmensem-mres.
665 3839 775 3889 areth
788 3842 1208 3912 sos.e0nr.epsst.roiu3esuuu

130 3906 199 3954 iiier.
211 3910 275 3955 liud.
286 3910 314 3954 Τ.
327 3909 367 3955 lv.
379 3907 673 3968 postholationem.
685 3910 787 3958 Hier.in
799 3913 843 3959 lib.
851 3913 1065 3968 Esdr.etllebem.
1074 3923 1103 3970 et
1111 3921 1208 3984 Apolli.

131 3975 174 4013 -3
187 3981 254 4026 liicr.
272 3981 348 4040 Epist.
363 3980 404 4030 26.
419 3981 451 4028 ad
463 3981 613 4029 hiartellam.
631 4005 660 4016 -
675 3977 768 4030 iliter.
787 3985 856 4033 Praei.
872 3986 904 4033 etl
918 3986 1066 4041 Damasum.
1083 3991 1208 4054 ἀὼς.

131 4048 200 4109 praui.
212 4050 294 4095 lloral.
307 4050 332 4096 in
343 4049 397 4098 iob.
410 4075 440 4087 -
449 4053 460 4088 ⁶
469 4048 527 4098 isid.
539 4050 584 4098 lib.
597 4051 620 4111 i,
631 4050 677 4098 011.
690 4063 711 4097 c.
725 4051 762 4099 is.
1176 4056 1181 4062 '
