2708 4846
225 444 257 495 20
630 446 674 496 aa
689 445 897 495 nrwutrara

225 531 281 606 cis,-
289 551 325 596 eo
334 533 415 610 quod
425 527 656 594 historiaaviris
664 534 802 606 sinceris,
809 545 969 609 rerumque
978 529 1059 591 bene
1069 520 1297 608 gnarisseripta,

225 626 271 678 sat
283 619 381 696 ampla
394 619 572 678 auctoritate
583 619 705 699 polleat.

263 707 318 767 Ast
331 706 363 765 lri
374 723 436 765 non
449 705 657 786 perpendunt,
674 705 843 768 doctrinam
856 702 1027 780 Religionis
1039 715 1149 779 magna
1160 715 1198 759 en
1214 703 1298 778 parte

224 792 359 854 historiis
370 792 494 854 biblicis
504 793 609 863 inniti3
622 811 715 872 quare
732 793 758 854 si
770 791 845 871 ipsae
854 790 990 851 historiae
999 789 1038 849 ab
1046 786 1129 850 omni
1141 785 1236 847 dubio
1246 785 1300 845 im·

223 896 330 941 niunes
345 879 425 939 haud
441 888 555 952 essent,
571 888 601 941 et
611 880 796 941 auctoritatis
807 879 935 949 divinae,
948 892 1006 936 nec
1020 875 1157 937 doctrina
1167 873 1300 952 Religio

223 968 271 1028 uis
282 968 342 1028 illis
352 974 556 1047 superstructa
565 967 633 1029 talis
643 968 731 1028 toret.
741 967 821 1027 Dein
830 965 904 1025 libri
914 963 1050 1024 historici
1060 961 1222 1023 maximam
1232 977 1300 1041 por·

224 1059 286 1114 tem
305 1053 468 1132 Scriptura
487 1068 580 1114 saerae
598 1052 799 1123 constituunt,
816 1059 847 1111 et
857 1050 994 1114 Christus
1009 1056 1039 1109 ot
1053 1047 1192 1126 dpostoli
1201 1044 1299 1108 Libris

223 1139 316 1200 sacris
336 1139 470 1199 divinam
488 1139 713 1209 auctoritatem,
727 1136 793 1198 sine
812 1136 873 1196 ulla
894 1135 1085 1196 restrictione
1099 1133 1300 1194 attribuerunt

223 1223 271 1304 (n.
283 1227 318 1286 at
330 1234 360 1286 et
370 1225 433 1304 55).
443 1228 480 1285 D.
492 1226 600 1287 Paulus
618 1243 708 1296 uero,
721 1225 823 1301 (llom.
837 1223 886 1296 lt,
897 1223 941 1300 1),
954 1223 1055 1283 omnia
1067 1240 1135 1301 quae
1152 1220 1185 1280 in
1199 1222 1299 1301 Serip-

223 1321 289 1374 tura
308 1330 392 1374 saera
410 1319 492 1382 sunt,
509 1312 547 1371 ad
567 1311 747 1372 doctrinalia
764 1311 872 1380 refert,
896 1328 964 1371 eum
984 1311 1046 1369 ait:
1066 1311 1299 1387 «Quaecumque

224 1417 240 1456 u
254 1399 336 1458 enim
347 1397 458 1476 scripta
470 1404 553 1468 sunt,
564 1396 602 1457 ad
612 1405 745 1458 nostram
755 1396 924 1457 doctrinam
933 1395 1044 1474 scripta
1054 1403 1132 1456 sunt.
1146 1415 1161 1452 o
1172 1395 1300 1477 Accedit

223 1484 304 1561 quod
312 1483 419 1543 isthaec
437 1484 642 1544 recentiorum
661 1483 765 1562 opinio
780 1482 944 1560 primitivae
961 1482 1106 1544 Ecclesiae
1119 1498 1241 1561 prorsus
1253 1481 1300 1542 in-

223 1570 345 1648 cognita
355 1568 473 1630 luerit¹.

545 1689 602 1759 SV.
615 1717 644 1728 -·
654 1693 754 1741 Errorcs
763 1691 795 1740 do
809 1689 978 1754 inspiratione.

260 1801 309 1861 52.
321 1802 451 1865 Omnem
460 1818 539 1881 peno
555 1801 785 1881 inspirationem
799 1800 910 1861 tollunt
919 1798 1078 1860 Bahrdtius
1088 1797 1298 1876 acatholicus',

223 1905 257 1950 ae
268 1890 404 1950 nonnulli
415 1890 481 1960 alii,
494 1889 699 1961 adstruentes,
712 1891 744 1949 in
756 1888 960 1967 scriptoribus
974 1888 1066 1949 saeris
1080 1888 1197 1948 nullum
1211 1889 1300 1952 fuisse

222 1976 449 2055 supernaturale
469 1975 594 2045 donum,
616 1993 655 2036 ne
675 1976 868 2054 praesentiam
895 1974 1019 2053 quidem
1035 1975 1163 2054 Spiritus
1188 1975 1298 2049 sancti,

223 2078 282 2137 qua
291 2061 329 2119 ab
340 2061 493 2119 erroribus
505 2061 682 2138 praeservati
694 2061 830 2118 luissent.

259 2147 401 2204 Errorern
409 2144 489 2204 hune
496 2145 559 2221 jam
569 2151 639 2203 ante
650 2145 826 2204 Balrrdtium
836 2161 905 2204 cum
915 2145 1041 2222 Spinosa
1052 2144 1190 2207 defendit
1199 2154 1300 2209 auctor

223 2247 403 2308 anonymus,
416 2248 506 2307 quern
518 2231 651 2292 secunda
662 2230 872 2308 theologorum
882 2232 1061 2291 Batavorum
1073 2233 1201 2310 epistola
1216 2235 1300 2296 relel

223 2316 270 2376 lit.
284 2318 316 2376 Si
329 2316 467 2375 Bahrdtii
484 2316 610 2376 assertio
621 2332 693 2376 vera
707 2324 800 2386 esset,
818 2316 955 2378 Christus
967 2317 1039 2377 lalso
1053 2318 1237 2397 scripturam
1255 2339 1300 2383 sa·

224 2420 306 2463 eram
323 2403 390 2462 sinc
416 2401 593 2462 discrimine
617 2402 798 2480 appellasset
816 2404 929 2481 Legem
947 2402 1095 2476 diuinam,
1116 2406 1301 2486 scripturam

225 2488 360 2548 divinam
374 2495 405 2546 et
417 2486 544 2565 Eloquia
562 2488 692 2565 Spiritus
712 2488 808 2547 saneti
819 2488 879 2565 ,de
895 2488 1086 2567 dogmatibus
1104 2500 1300 2554 sacrosanctae

223 2581 334 2633 nostrae
344 2572 513 2652 Religionis
524 2574 617 2634 dubia
627 2576 785 2635 innumera
801 2576 1004 2647 exorirentur,
1016 2584 1106 2654 atquo
1117 2577 1156 2638 de
1166 2578 1299 2658 ipsaRe-

224 2658 339 2738 ligione
349 2668 448 2719 actum
460 2667 550 2719 esset.

258 2745 399 2822 Plerique
425 2752 562 2804 veterum
587 2745 819 2805 Protestantium
840 2763 935 2823 usque
960 2745 998 2805 ad
1018 2746 1177 2809 dimidium
1199 2750 1299 2813 saeculi

226 2830 337 2892 docimi
357 2832 455 2891 octavi
469 2831 687 2892 strictissimam
704 2832 909 2911 inspirationis
927 2836 1108 2895 sententiam
1127 2844 1298 2901 tenuerunt.

226 2917 340 2976 Verum
349 2924 506 2996 postquam
515 2918 682 2978 Toelnerus
690 2935 769 2978 anno
781 2918 852 2978 illa
861 2937 1026 2998 opussuum
1039 2920 1078 2981 de
1090 2923 1297 3002 inspiratione,

227 3008 258 3060 et
271 3003 421 3064 semlerus
442 3002 537 3085 annis,
550 3003 729 3063 1771-1775
747 3022 833 3065 suum
852 3022 977 3066 examen
991 3006 1139 3079 Cononis,
1160 3009 1192 3068 in
1203 3009 1298 3071 lucem

228 3086 410 3159 edidissent,
434 3090 638 3149 Protestantes
663 3089 695 3149 in
720 3091 856 3168 pluribus
874 3091 912 3152 de
934 3093 1130 3171 inspiratione
1159 3096 1299 3173 operibus

225 3172 372 3235 laxiorem
382 3175 586 3254 inspirationis
594 3194 632 3236 no
637 3177 733 3238 titiam
742 3178 911 3240 successive
922 3179 1122 3252 admiserunt,
1133 3197 1168 3242 ae
1178 3182 1298 3244 tandem

225 3257 259 3319 in
269 3260 431 3321 Germania
441 3261 670 3338 inspirationem
683 3265 806 3323 omnino
820 3263 884 3323 lere
897 3264 1079 3343 rejecerunt.

259 3344 401 3409 Nonnulli
416 3346 650 3406 Protestantium
663 3348 756 3408 hodie
770 3349 871 3409 Libris
887 3351 979 3410 saeris
990 3350 1123 3412 divinam
1140 3355 1298 3415 auctorita·

225 3435 290 3489 tem
299 3431 356 3491 lroc
366 3447 455 3490 sensu
465 3432 632 3492 attribuunt
642 3477 651 3504 ,
663 3433 743 3510 quod
753 3434 784 3492 in
800 3434 860 3496 illis
870 3437 1021 3497 nonnullae
1036 3439 1178 3499 veritates
1188 3439 1297 3500 divinae

226 3515 447 3576 contineantur.
474 3516 553 3574 Num
568 3534 641 3576 vero
670 3518 735 3581 haec
755 3519 898 3583 veritates
928 3516 1072 3583 revelatae
1089 3523 1193 3585 divina
1209 3526 1298 3586 etiam

228 3601 405 3661 auctoritate
421 3600 522 3662 Libris
540 3604 633 3666 saeris
653 3605 802 3669 mandata
823 3608 898 3682 sint,
919 3628 981 3671 non
995 3619 1110 3672 curant.
1122 3613 1162 3671 Hi
1182 3628 1298 3675 errores

228 3685 435 3746 retutabuntur
450 3704 479 3746 n.
491 3687 609 3748 51-15.

260 3813 270 3849 ¹
280 3818 343 3880 Lego
355 3821 386 3868 cl.
397 3819 469 3868 Jahn.
481 3821 572 3868 introd.
581 3823 663 3870 Germ.
675 3823 700 3872 iu
711 3824 765 3874 ldlr.
775 3824 801 3876 S.
809 3825 839 3876 V.
848 3827 875 3874 F.
885 3827 950 3876 i’ort.
962 3829 985 3876 1.
995 3825 1020 3893 S.
1030 3828 1069 3878 92.
1079 3816 1222 3893 -¹Opusc.
1233 3832 1255 3880 1.
1267 3828 1296 3880 dt

228 3883 332 3949 system.
343 3902 372 3938 ac
381 3890 459 3953 scopo
468 3891 527 3940 lesu
537 3891 609 3952 epist.
623 3895 648 3943 7.
692 3965 696 3972 ἱ
