2708 4846
152 164 156 169 ,
489 110 671 163 titubanti
688 109 881 163 SAGRORUH.
1177 106 1224 159 Ν

187 192 246 257 Ast
264 192 389 256 nonnisi
407 194 493 279 piunu¹
507 198 600 260 istum
617 198 746 270 Jobum,
758 197 843 277 cuius
860 193 1018 258 historiam
1028 192 1224 255 liberarentur

151 279 380 361 complectitur,
404 281 491 343 novit
509 299 595 346 sacra
617 284 792 363 antiquitas,
817 300 886 345 eum
904 296 979 343 vero
994 294 1133 361 persone
1143 274 1222 339 licta

152 382 220 427 eum
236 365 321 427 veris
339 365 374 425 iu
392 382 515 429 scenam
522 367 750 450 producuntur,
762 368 870 432 adsunt
880 366 1011 438 indicia,
1023 364 1134 445 quibus
1144 360 1222 426 iota

150 450 262 513 everis
274 451 495 527 discemuutur.
509 480 512 485 ·

185 534 218 593 δ’
227 536 336 598 Tobiae
351 537 385 609 2,
408 536 445 597 li
464 538 575 617 legitur
588 559 596 598 ι
611 541 727 602 ullane
743 545 844 602 autem
856 533 1056 599 tentationem
1067 535 1138 597 ideo
1149 548 1221 614 per-

151 622 264 684 »nisit
274 625 419 685 Dominus
436 626 561 685 evenire
573 627 620 686 iili
635 627 785 704 (Tobiae),
797 634 831 687 ut
842 625 972 706 posteris
985 622 1106 684 daretur
1118 636 1220 682 exem·

150 709 263 787 »plum
276 710 431 789 patientiae
444 707 519 788 ejus,
533 712 611 772 sicut
624 719 655 772 et
666 714 762 773 saneti
775 712 846 772 Job.
861 732 878 769 u

185 794 263 857 Cum
283 793 335 854 hie
354 795 426 855 Jobi
443 795 591 874 patientia
614 805 815 877 supponatur,
837 800 957 876 oportet
972 792 1057 855 illum
1069 792 1217 866 extitisse,

148 885 182 939 ut
193 879 320 941 historia
331 881 426 941 nostri
439 881 511 941 libri
525 898 593 942 euru
604 883 693 944 sistit.

183 966 339 1027 Parabolae
357 966 531 1028 defensores
548 969 729 1048 reponunt',
747 969 909 1049 allegatum
925 984 1045 1031 versum
1061 967 1098 1028 lt
1113 966 1219 1029 deesse

147 1048 180 1111 iu
192 1056 277 1112 textu
286 1068 398 1130 graeco,
411 1053 444 1113 in
457 1054 646 1117 versionibus
659 1055 775 1134 syriaca
788 1063 819 1115 et
830 1055 965 1126 arabica,
979 1071 1013 1116 ao
1028 1055 1060 1114 iu
1073 1053 1218 1125 hebraeis,

147 1134 283 1215 adeoque
295 1137 381 1196 illum
393 1154 458 1198 esse
471 1139 606 1199 additum
618 1142 657 1202 ab
671 1141 723 1200 illo
737 1142 887 1214 Rabbino,
899 1139 982 1218 cuijus
997 1142 1097 1220 opes.
1108 1140 1220 1200 Hiero·

146 1238 254 1301 uymus
277 1221 464 1283 chaldaicum
485 1225 591 1285 Tobiae
612 1234 728 1286 textum
748 1227 841 1287 latine
862 1227 1013 1296 reddidit,
1033 1225 1218 1303 caeteroquin

146 1308 342 1385 quaestiouem
354 1326 435 1380 esse,
446 1318 546 1371 utrum
558 1312 623 1391 ipse
636 1312 716 1373 liber
731 1313 837 1372 Tobiae
850 1330 911 1372 non
922 1312 962 1372 sit
973 1312 1125 1392 parabola.

181 1396 297 1455 Verum
314 1397 485 1458 nullatenus
504 1399 664 1476 probatum
681 1405 727 1458 est
741 1404 857 1475 textum
873 1414 1004 1474 maestum
1022 1413 1086 1457 esse
1103 1400 1217 1456 textum

146 1480 340 1559 originarium
352 1482 424 1542 libri
437 1483 554 1544 Tobiae.
564 1484 707 1544 Praelatus
719 1500 822 1544 versus
835 1501 853 1543 e
867 1490 950 1542 textu
960 1499 1059 1560 graeco
1073 1481 1217 1542 excidere

143 1567 256 1647 potuit,
270 1576 303 1628 et
321 1568 394 1630 bine
416 1568 523 1630 deesse
544 1568 652 1631 debuit
669 1571 703 1631 in
721 1569 912 1633 versionibus
927 1566 1012 1648 juxta
1029 1568 1216 1630 illuminetis

144 1654 239 1731 (coni.
251 1672 281 1715 n.
292 1654 344 1714 ati
360 1662 393 1717 et
402 1655 458 1716 2²12
467 1657 489 1735 ).

179 1740 213 1801 Si
226 1740 318 1802 etiam
333 1741 413 1802 liber
425 1741 531 1802 Tobiae
542 1741 732 1822 parabolicus
745 1746 838 1813 esset,
850 1740 924 1803 inde
936 1739 1061 1801 minime
1073 1756 1220 1818 sequere.

141 1830 206 1988 pur,
220 1827 347 1900 dobmu,
361 1826 401 1888 de
420 1846 480 1907 quo
499 1846 528 1892 e.
546 1828 579 1901 2,
598 1828 635 1888 tt
652 1835 698 1889 est
716 1829 852 1908 quaestio,
864 1844 930 1890 esse
942 1843 1101 1908 personam
1114 1825 1214 1888 fictam

159 1912 240 1973 conl.
254 1930 285 1973 n.
299 1912 380 1988 ato).

176 1997 210 2056 ἡ·
222 1998 385 2078 Apostolus
401 1997 532 2061 lacobus
544 2000 654 2082 (Epist.
665 2000 695 2073 b,
709 2000 761 2079 li)
778 2020 785 2061 :
801 2020 817 2059 u
830 2002 910 2063 Eece
922 2001 1127 2062 boatilieamus
1143 2016 1210 2071 eos,

139 2083 287 2163 uinquit,
309 2085 362 2163 qui
382 2086 601 2157 sustinuerunt,
616 2086 821 2149 sufferentiam
842 2087 902 2147 Job
921 2087 1058 2154 audistis,
1073 2094 1104 2146 et
1121 2083 1212 2146 linem

139 2190 157 2226 n
170 2168 288 2231 domiui
299 2169 373 2249 (quo
393 2171 465 2231 lobi
483 2173 668 2234 calamitates
680 2172 852 2250 coronavit)
863 2172 989 2245 vidistis,
1000 2172 1141 2250 quoniam
1156 2172 1212 2231 mi·

138 2276 157 2314 e
168 2256 300 2319 serieurs
310 2264 355 2319 est
368 2264 399 2318 et
408 2257 576 2319 miserator.
594 2280 611 2316 o

175 2342 399 2407 Commemorat
421 2342 472 2405 hie
492 2345 523 2404 S.
546 2344 677 2405 lacobus
700 2343 773 2404 lobi
795 2341 1012 2412 sufferentiam,
1040 2349 1072 2403 et
1093 2359 1211 2405 recom-

137 2429 351 2519 pematiqnem
375 2427 438 2509 ojus
458 2429 578 2491 virtutis
601 2446 638 2490 en
660 2447 719 2509 quo
740 2429 876 2511 prolecto
901 2428 998 2505 liquet
1020 2428 1107 2487 illum
1132 2430 1211 2488 exti-

141 2512 227 2576 tisue.

175 2600 353 2665 Adversarii
366 2600 450 2664 aiunt
480 2620 518 2663 ex
531 2609 614 2663 textu
625 2604 656 2663 S.
669 2602 777 2664 iacobi
791 2601 888 2664 solum
900 2600 1001 2678 sequi,
1014 2600 1126 2661 librum
1137 2596 1210 2661 Jobi

137 2684 282 2751 fidelibus
298 2689 473 2769 praelectum
491 2689 596 2762 luisse,
610 2707 698 2768 posse
716 2697 817 2750 autem
829 2687 968 2748 fidelibus
981 2687 1073 2747 etiam
1084 2687 1210 2765 praelegi

174 2862 238 2925 Sed
249 2860 380 2926 credidit
387 2863 520 2935 prolecto
531 2863 561 2925 S.
571 2862 786 2926 lacobus‘dobi
796 2859 987 2923 existentiam
996 2867 1026 2921 ct
1034 2855 1208 2931 historiam,

134 2966 226 3013 secus
242 2952 324 3013 euim
340 2949 445 3013 fideles
458 2953 495 3013 ad
509 2951 573 3028 ejus
586 2949 757 3032 exemplum
770 2948 947 3011 imitandum
960 2966 1021 3009 non
1034 2948 1193 3008 excitasset
1198 2965 1207 3018 ;

134 3054 309 3119 proponere
321 3038 411 3099 alicui
424 3040 593 3120 exemplum
603 3041 726 3100 omniuo
739 3036 1007 3099 extraordinarium
1016 3032 1207 3105 imitandum,

135 3122 220 3200 quod
229 3140 392 3201 numquam
406 3125 521 3196 extitit,
536 3133 581 3186 ost
591 3140 762 3206 proponere
776 3123 959 3185 chimaeram.

170 3208 205 3269 δ’
215 3212 262 3273 De
275 3213 370 3286 debu,
384 3212 436 3290 qui
448 3220 549 3274 nostro
562 3213 641 3274 libro
654 3212 843 3292 depingitur,
862 3212 955 3272 locuti
968 3216 1037 3272 sunt
1049 3209 1206 3286 Origenes,

132 3292 357 3381 Tertullianus,
377 3298 560 3378 Cyprianus,
581 3300 720 3371 Basilius,
741 3300 983 3378 chrysostomus,
996 3296 1208 3373 Hieronymus,

132 3382 324 3455 Ambrosius,
336 3383 532 3465 Augustinus,
544 3386 708 3467 Gregorius
716 3379 1210 3465 maguusetcdequcilliuscxis-

131 3470 231 3531 tentia
240 3470 368 3531 minime
377 3470 561 3534 dubitarunt.

170 3554 222 3617 Ad
239 3554 299 3617 hoc
317 3556 458 3635 equidem
476 3557 663 3636 respondent
682 3557 802 3639 patroni
820 3538 1003 3624 Parabolae’,
1022 3553 1134 3614 nullum
1152 3553 1208 3613 Pu·

132 3646 213 3705 uem
224 3656 320 3720 usque
333 3642 371 3703 ad
383 3638 475 3703 finem
491 3643 595 3703 saeeuti
608 3644 686 3706 sexti
701 3659 761 3722 quo
777 3658 843 3703 aevo
859 3644 891 3703 s.
908 3637 1072 3719 Gregorius
1083 3651 1208 3717 ningues

164 3756 258 3837 ¹Apttd
271 3762 304 3812 ei.
315 3760 387 3811 tabu.
398 3761 446 3811 loc.
458 3760 501 3811 cil.
513 3759 566 3797 -2
604 3763 680 3814 idom.
689 3758 849 3813 -dlbldem
