2708 4846
217 488 262 535 DE
281 487 471 537 btvtstorttt
491 489 672 539 rturouts
691 491 786 539 arui)
805 488 982 541 HEBRAEOS.
1097 493 1144 542 166

58 580 238 651 meridiem,
250 588 281 641 et
290 580 450 643 desinebat
459 600 528 644 eum
542 599 650 644 occasu
659 583 742 655 solis,
751 584 792 644 ita
805 592 839 645 ut
847 585 951 645 ultima
963 584 1036 647 bora
1045 587 1144 665 quarti

59 665 180 725 trihorii
195 674 274 728 esset
286 665 360 727 bora
374 665 556 728 duodecima
567 667 642 729 diei.
651 669 733 731 liora
747 671 846 740 tertia,
857 678 940 733 sexta
951 679 982 731 et
995 689 1073 732 nona
1082 670 1144 747 jam

58 758 221 813 occurrunt
243 754 319 812 Dan.
343 752 373 820 6,
397 752 489 817 11-16.
505 753 607 816 collat.
627 772 696 815 cum
715 756 784 817 Aet.
804 754 837 825 9,
854 755 905 825 ttt;
919 755 948 825 5,
959 756 992 826 i;
1007 756 1053 825 10,
1068 756 1095 827 6,
1112 757 1142 820 9.

58 834 107 898 rs.
118 834 170 905 tt,
189 835 234 905 18,
247 843 279 896 ut
291 836 433 915 precibus
446 836 614 910 destinatae.
625 841 754 910 blancus,
768 840 814 911 16,
825 841 862 902 ab
871 886 878 911 ,
888 840 1044 903 hoemodo
1055 841 1145 906 horat

57 931 201 983 recenset
213 925 261 999 (n.
274 920 328 983 667
338 925 359 999 ).

96 1008 222 1069 Hebraei
236 1010 360 1090 insuper
368 1009 454 1075 ‘diem
467 1008 646 1081 dividebant
663 1012 694 1073 in
710 1010 1063 1090 duodecimumque
1080 1011 1144 1090 jam

57 1095 320 1155 constituebantur
340 1111 397 1175 per
418 1102 546 1176 quatuor
566 1097 689 1176 praefata
701 1095 840 1164 trihoria.
855 1099 954 1158 Prima
973 1097 1048 1157 bora
1066 1098 1144 1159 iuci-

57 1180 165 1258 piebat
183 1198 251 1241 cum
273 1180 345 1242 solis
364 1188 446 1251 ortu,
464 1190 550 1242 sexta
571 1189 636 1245 crat
652 1181 812 1251 meridies,
831 1190 863 1244 et
877 1182 1058 1244 duodecima
1074 1199 1146 1251 cum

57 1281 170 1326 occasu
182 1266 255 1327 solis
268 1267 437 1330 desinebat.
451 1268 532 1337 Hinc
545 1264 683 1341 Christum
695 1271 785 1331 ioan.
800 1269 832 1328 11
844 1313 852 1338 ,
864 1268 883 1331 9
896 1288 904 1329 2
920 1269 1073 1338 «Nonne,
1088 1266 1141 1341 ait,

58 1370 77 1407 n
90 1348 253 1412 duodecim
269 1359 339 1412 sunt
359 1351 442 1412 horae
455 1352 538 1413 diei?
555 1356 733 1425 alumnas,
749 1353 798 1424 19,
810 1354 862 1425 tt,
875 1353 934 1416 hoc
946 1352 1037 1417 modo
1053 1352 1143 1417 horu

58 1436 240 1507 numerandi
254 1439 348 1499 utitur
360 1438 408 1514 (n.
422 1437 478 1498 367
487 1439 509 1513 ).

96 1521 221 1581 Hebraei
244 1522 317 1585 duas
340 1522 567 1602 distinguebant
591 1526 733 1602 Vesperas
751 1524 870 1609 :prima
892 1525 1058 1604 incipiebat
1074 1529 1143 1604 post

51 1606 221 1667 meridiem
231 1609 312 1669 circa
324 1616 487 1672 nostratem
498 1609 604 1671 horam
614 1611 853 1690 pomeridianam
862 1610 1041 1681 secundam,
1050 1619 1143 1687 atque

58 1692 190 1763 durabat
205 1711 299 1772 mque
321 1693 359 1761 ad
376 1694 449 1756 soils
462 1712 616 1768 occasum;
631 1697 727 1765 altera
743 1696 880 1777 Vespera
892 1694 1090 1757 inchoabatur
1102 1693 1142 1759 ab

55 1776 402 1845 666116616661611166
422 1787 539 1851 tempus
560 1781 642 1841 inter
661 1781 790 1859 primam
810 1788 842 1840 et
858 1779 1022 1842 secundam
1034 1796 1144 1861 uespe-

58 1876 126 1923 ram
135 1860 288 1942 elapsum,
300 1871 410 1927 vocant
422 1867 496 1925 inter
508 1864 582 1925 duos
592 1881 736 1942 vesperae.

422 1996 439 2064 s
456 2000 531 2055 xiii.
542 2023 572 2035 —
582 1999 679 2051 11161616
694 1999 783 2049 noem

97 2116 171 2178 titio.
194 2119 276 2179 Ante
297 2119 503 2198 captivitatem
525 2119 738 2198 babylonicam
761 2117 884 2181 Hebraei
901 2125 1023 2181 noctem
1034 2118 1066 2178 in
1080 2123 1144 2183 iret

61 2203 215 2272 dumtaxat
226 2204 355 2282 vigilias
367 2204 557 2266 dividebant.
571 2206 671 2265 Prima
690 2204 796 2284 vigilia
812 2202 1097 2280 vocatur(Lamcut.
1107 2202 1142 2274 9,

61 2288 113 2365 19)
131 2288 309 2367 princepium
330 2288 511 2367 6161116666,
530 2298 561 2350 et
580 2290 619 2351 ab
640 2307 749 2353 occasu
765 2289 837 2351 solis
855 2307 949 2369 usque
962 2287 1000 2353 ad
1011 2287 1144 2351 mediam

60 2382 183 2435 noctem
203 2372 340 2444 durabat.
360 2373 499 2439 secunda
515 2375 621 2455 uigilia
641 2383 832 2454 nuncupatur
849 2372 1015 2452 (ludiul,
1031 2372 1081 2450 19)
1098 2374 1144 2435 61-

61 2461 135 2539 pitia
145 2459 237 2521 noetis
250 2459 366 2530 dudio,
376 2476 412 2521 ae
423 2476 440 2523 a
452 2461 554 2523 media
569 2468 659 2523 nocte
672 2478 767 2539 usque
779 2459 818 2525 ad
826 2460 1019 2540 gallicinium
1038 2464 1144 2520 extem

62 2544 201 2606 debatur.
229 2545 333 2605 Tertia
359 2562 432 2605 vero
455 2547 561 2625 vigilia
581 2545 749 2624 appellatur
773 2543 887 2619 (Exod.
912 2544 1015 2620 1131)
1041 2543 1144 2622 unitio

62 2630 221 2698 motutritc,
245 2635 335 2706 atque
357 2646 374 2687 a
393 2629 548 2706 gallicinio
570 2644 663 2705 usque
682 2627 835 2686 adortum
852 2627 925 2686 solis
936 2625 1074 2689 durabat.
1087 2628 1143 2687 Hae

62 2723 164 2795 partes
176 2714 273 2775 noctis
287 2714 328 2773 ita
341 2719 518 2791 nuncupate
532 2711 621 2773 tuisse
637 2708 936 2787 videnturavigiiiis
947 2726 1020 2788 quas
1027 2711 1144 2773 Levita

63 2801 305 2862 in-tabernaculo
316 2800 388 2859 etin
403 2798 515 2879 templo
529 2797 667 2857 obibant.

99 2888 182 2951 AEvo
195 2886 307 2950 Christi
323 2883 424 2945 Judael
440 2882 478 2943 ad
497 2880 667 2962 exemplum
679 2881 884 2942 Romanorum
895 2885 1017 2951 noctem
1027 2879 1145 2960 dispes-

64 2978 176 3051 eebant
194 2977 224 3039 in
240 2983 367 3054 quatuor
378 2972 518 3052 vigillas.
537 2971 638 3032 Prima
657 2970 762 3049 vigilia
776 2968 975 3031 inchoabatur
986 2969 1025 3031 ab
1037 2987 1146 3041 occasu

61 3063 151 3137 solis,
165 3062 262 3122 tribus
282 3058 367 3125 haria
379 3057 521 3128 durabat,
536 3073 570 3116 ae
587 3057 713 3135 i’erperu
725 3052 883 3121 dicebatur
895 3055 1003 3130 (Marc.
1017 3055 1067 3125 ll,
1082 3055 1143 3133 19).

62 3147 206 3211 Secunda
223 3145 329 3223 vigilia
352 3158 447 3220 usque
465 3141 502 3201 ad
515 3140 649 3202 mediam
667 3146 788 3201 noctem
805 3137 1040 3208 extendebatur,
1053 3145 1145 3216 atque

61 3234 138 3294 binc
159 3230 256 3289 666616
276 3248 335 3290 nox
347 3234 536 3304 nuncupatur
548 3225 667 3303 (blattb.
681 3224 733 3295 ab,
745 3223 793 3300 6).
804 3223 909 3283 Tertia
922 3223 1036 3302 vigilia
1050 3240 1145 3301 usque

63 3318 104 3380 ad
129 3323 292 3378 nostratem
312 3313 418 3375 boram
439 3313 561 3373 tertiam
578 3311 754 3371 matutinam
776 3309 919 3386 durabat,
937 3315 1027 3385 atque
1044 3316 1145 3371 cantus

63 3402 153 3492 palli,
167 3419 222 3462 seu
239 3400 441 3481 gallicinium,
458 3398 617 3465 dicebatur
629 3396 740 3473 (blanc.
755 3396 800 3469 15,
813 3395 878 3473 66).
891 3396 1005 3472 Quarta
1022 3394 1146 3457 tandem

63 3488 172 3569 vigilia
198 3506 267 3551 eum
289 3488 408 3548 oriente
429 3484 494 3547 sole
522 3485 695 3556 desinebat,
717 3491 808 3562 atque
824 3479 992 3547 diluculum
1015 3480 1146 3544 vocaba-

65 3582 117 3634 tur
136 3570 241 3651 (loan.
253 3572 282 3643 8,
299 3572 345 3649 9).
369 3574 424 3635 1166
443 3570 559 3651 vigiliae
572 3568 751 3648 quaudoque
765 3568 857 3630 etiam
868 3566 928 3631 alia
941 3566 1065 3629 nomina
1079 3580 1148 3627 sora

66 3660 193 3721 tiuutur.

392 3777 593 3846 sittim-be
610 3777 815 3829 bebdomadibus

105 3903 178 3958 666.
195 3903 344 3964 Numer-m
360 3906 466 3978 septem
480 3897 561 3978 apud
576 3898 725 3959 Hebraeos
742 3896 782 3957 ob
793 3897 971 3957 memoriam
984 3894 1149 3965 creationis

68 3988 199 4066 septimo
219 3988 271 4048 die
291 3986 435 4047 absolutae
457 3999 543 4046 sacer
560 3990 635 4045 erat.
650 3983 787 4061 ‚Tempus
803 3998 858 4067 seu
868 3979 1012 4061 periodus
1027 3988 1147 4059 septem

69 4072 190 4136 diemm
208 4072 248 4134 ab
266 4072 328 4133 illle
339 4069 522 4132 bebdomada
536 4068 703 4134 vocabatur
713 4067 807 4146 (Gon.
820 4064 873 4139 99,
889 4064 1004 4141 Μ),
1017 4064 1145 4148 septima
