2708 4846
176 463 232 545 254v
539 506 542 511 .
583 464 628 513 DE
649 464 852 513 obtusitati

173 556 261 634 regni
277 549 380 628 Judae,
400 560 431 617 et
451 556 570 616 ruinam
586 555 763 635 metropolis
781 573 817 616 ac
835 554 954 635 templi.
975 554 1022 615 Ne
1044 555 1137 635 igitur
1155 556 1235 619 iudei

174 643 357 720 captivitatis
368 640 560 721 babylonicae
572 641 860 703 Nabuchodonosori
873 640 1006 702 rebelles
1028 638 1235 723 herent‚atqve

172 728 215 787 ita
229 728 410 800 interirent,
432 727 529 789 voluit
544 728 639 800 Deras,
657 735 690 787 ut
702 727 843 788 Ezechiel
858 728 939 788 inter
954 743 1008 787 eos
1021 728 1040 785 J
1043 728 1164 789 eremiae
1176 730 1233 789 vati-

172 815 253 875 cinia
273 814 473 876 confirmaret.
494 814 639 875 Praedixit
659 815 752 893 igitur
768 813 911 875 Ezechiel
935 814 1125 894 concaptivis
1141 814 1233 877 dudais
1257 857 1261 874 .

171 902 252 981 apud
262 901 387 962 fluvium
396 901 689 979 Chobarproximenr
699 902 816 961 ruinam
826 900 1023 980 regniJudae,
1035 900 1231 981 Hierosolyma

172 996 203 1049 et
216 990 320 1068 templi
328 1034 335 1061 ,
344 990 612 1069 captivitatemque
619 989 817 1059 confratrum,
829 989 879 1066 qui
890 988 989 1049 adhuc
999 989 1033 1049 in
1039 988 1146 1051 Judaea
1155 998 1228 1051 cmnt.

171 1076 298 1138 Causam
312 1077 417 1138 harum
428 1075 630 1139 calamitatem
642 1077 718 1138 dicit
731 1076 875 1137 Ezechiel
891 1092 956 1137 csse
971 1077 1147 1138 Judaeorum
1157 1076 1229 1137 idola

168 1164 305 1236 latriam,
319 1164 511 1244 injustitiam,
522 1166 743 1246 impuritatem,
755 1172 957 1243 contemptum
972 1164 1062 1245 legis,
1077 1164 1228 1229 caccum

168 1252 358 1315 laturautcm
372 1253 535 1324 Hebraeos,
548 1252 742 1332 praedicendo
762 1269 813 1313 cos
828 1269 846 1312 e
865 1270 918 1313 sua
931 1252 1110 1332 captivitate
1120 1252 1227 1315 libem

170 1342 238 1413 dos,
257 1359 384 1419 regnum
396 1341 518 1401 illorum
533 1340 775 1412 restaurandum,
793 1340 1036 1418 Hierosolymam
1049 1358 1086 1402 ac
1109 1341 1225 1421 templm

168 1427 383 1489 reaedificanda
393 1445 473 1499 esse,
488 1427 651 1504 feliciaque
662 1434 798 1505 tempora
810 1433 936 1487 ventura
947 1426 1003 1486 sub
1013 1426 1134 1488 Messio.
1146 1426 1225 1487 Pohe
1256 1434 1259 1439 '

167 1530 237 1592 pars
248 1514 475 1593 prophetiarum
483 1513 653 1576 Ezechielis
665 1514 789 1592 respicit
803 1511 1043 1590 Messiam(vide
1052 1531 1081 1575 c.
1091 1512 1222 1587 amaa

170 1600 338 1679 cavet).

204 1689 275 1745 558.
290 1691 324 1748 ln
338 1689 511 1768 particulari
525 1688 666 1768 praedicit
678 1686 822 1748 Ezechiel

204 1772 236 1835 l⁰
249 1775 379 1835 Ruinam
393 1776 614 1853 hierosolymae
630 1775 676 1851 (c.
692 1773 762 1849 fo),

201 1860 234 1920 2⁰
245 1862 363 1942 Regem
376 1862 535 1924 sedeciam
548 1878 604 1940 per
614 1860 752 1922 effractos
764 1876 865 1920 muros
877 1858 1057 1939 fugiturum,
1069 1877 1087 1922 a
1098 1858 1219 1925 chaldeis

165 1947 198 2007 in
219 1948 290 2029 fuga
311 1949 506 2028 capiendum,
525 1956 557 2011 et
576 1949 609 2009 in
629 1948 788 2029 regionem
809 1947 1022 2011 chaldaeorum
1040 1946 1218 2011 tedmarum

165 2051 247 2107 esse,
265 2054 355 2113 quam
377 2043 478 2098 tamen
503 2037 622 2097 visurus
639 2052 702 2097 non
717 2041 795 2101 crat.
813 2051 851 2096 eo
873 2034 1045 2113 quodoculi
1056 2035 1102 2096 illi
1118 2032 1217 2097 mvndi

166 2120 315 2198 erant(c.
329 2120 397 2197 lh).

200 2205 232 2264 5ο
245 2207 430 2267 Praenuntiat
439 2208 553 2283 Tyrum
565 2207 802 2269 subvertendam
811 2215 843 2268 et
852 2225 914 2268 non
923 2208 1052 2288 amplius
1060 2206 1217 2275 neuneu

164 2290 233 2350 dam
243 2293 368 2368 esse(c.
379 2292 460 2352 tto-c,
471 2293 536 2368 98).
1122 2310 1126 2315 ·

199 2374 232 2434 t‘
245 2376 482 2437 subversionem
492 2378 582 2456 regni
594 2378 722 2456 AEgypti
736 2375 780 2455 (c.
790 2379 867 2439 att-c.
880 2379 944 2456 52).

199 2461 230 2521 5⁰
243 2462 373 2522 Ruinam
381 2462 566 2524 monarchiae
577 2465 699 2542 assyriae
712 2466 723 2540 (
734 2483 762 2526 c.
775 2464 807 2523 et
817 2466 839 2541 ).

198 2546 230 2608 6ο
242 2548 387 2609 Praedicit
397 2550 539 2611 Messiam
552 2551 597 2629 (c.
608 2551 655 2621 dt,
669 2568 696 2612 c.
709 2551 773 2627 57).

197 2634 340 2697 Ezechiel
352 2637 467 2717 pariter
481 2638 663 2716 praenuntiat
673 2647 785 2699 sortem
798 2638 926 2700 aliorum
934 2640 1113 2722 populorum
1123 2640 1216 2705 victu
1259 2678 1261 2699 .

160 2742 241 2795 rum,
257 2730 291 2784 ut
307 2724 564 2798 ammonitarum,
579 2726 793 2800 Moabitarum,
811 2728 1034 2802 Edomitarum,
1052 2730 1215 2794 Philistina·
1257 2702 1261 2813 l

159 2830 241 2885 rum,
255 2820 287 2873 et
301 2812 506 2874 Sidoniorum.
1258 2820 1261 2891 f

195 2898 376 2976 Plerumque
388 2897 558 2978 prophetiae
569 2899 738 2961 Ezechielis
750 2901 782 2961 in
795 2900 858 2979 ejus
866 2900 947 2964 libro
960 2897 1116 2969 collocatae
1123 2910 1214 2971 sutor
1259 2904 1261 2977 ξ

159 2985 282 3057 ordine,
292 3003 352 3064 quo
363 2985 454 3047 editae
468 2993 547 3047 sunt.

298 3120 314 3189 ς
328 3124 475 3173 cxxxvlll.
486 3125 617 3187 -Lingua
632 3126 657 3175 et
671 3126 748 3188 stylus
760 3126 935 3178 vaticiniorum
948 3130 1095 3183 Ezechielis.

45 3318 50 3327 Ι
193 3243 264 3298 559.
278 3241 451 3322 Prophetiaa
463 3242 633 3304 Ezechielis
645 3244 764 3325 scriptae
775 3246 848 3306 'sunt
859 3263 999 3312 sermone
1014 3250 1215 3315 hebraicam·

156 3327 205 3388 bis
218 3327 382 3402 formisque
395 3327 559 3389 chaldaicis
571 3330 678 3392 mixto.

192 3415 343 3493 Stylusest
351 3414 414 3476 fere
426 3417 540 3494 ubique
554 3417 682 3499 simplex
695 3423 883 3500 etprosaicus
894 3412 971 3495 ,sed
979 3416 1214 3513 in'increpatlcte

155 3502 297 3563 vitiorum
311 3507 357 3561 cst
368 3500 544 3563 vehemens.
651 3499 658 3504 “

194 3585 299 3649 Nullus
315 3587 533 3663 Prophetarum
553 3594 599 3649 tot
620 3588 823 3653 revelationes
833 3594 1002 3659 visionibus
1013 3600 1215 3677 symbolleitet

154 3674 351 3753 aenigmaticis
366 3675 524 3753 exprimit,
540 3683 614 3753 quot
624 3677 766 3738 Ezechiel
775 3698 783 3750 ;
802 3681 937 3757 symbola
954 3692 987 3746 et
999 3687 1214 3761 similitudines,

153 3764 262 3840 quihus
272 3762 383 3831 utitur,
397 3769 596 3841 suntmagna,
607 3763 739 3824 animum
749 3777 956 3844 commovent,
965 3780 996 3834 et
1006 3776 1107 3853 quoad
1117 3776 1215 3839 mlada

153 3848 294 3927 adjuncta
315 3847 538 3912 describuntur.
561 3852 643 3911 inter
662 3850 803 3930 pulchras
824 3855 994 3922 Ezechielis
1010 3862 1214 3947 descriptione

154 3934 290 3995 eminent
301 3936 384 3996 illac:
1017 3936 1022 3945 ’

189 4020 220 4079 f⁰
231 4024 277 4082 De
290 4023 409 4098 ingrata
423 4029 455 4084 et
467 4016 583 4085 infideli
596 4042 705 4105 sponsa
718 4029 885 4092 Jerusalem
895 4031 999 4112 (cib).

189 4104 223 4166 Ξ·
232 4108 278 4168 Dc
288 4104 405 4173 duabus
415 4108 524 4189 amitis
535 4110 712 4193 ingentibus
724 4115 771 4192 (c.
786 4115 846 4195 li).
