2716 4838
324 458 369 506 ΒΕ
390 457 622 509 aususausus
641 457 684 507 lc
704 457 838 508 huttms
856 456 1086 506 HEBRAEORUbi
1196 455 1240 506 tat

197 551 290 614 Multi
307 559 436 614 stateres
456 551 556 614 adhuc
570 558 746 632 supersunt,
760 569 821 631 quo
835 559 937 613 autem
954 552 1142 612 recentiores
1156 559 1241 623 sumt,

158 655 198 699 eo
210 642 282 698 sunt
290 637 496 715 pulchriores,
510 637 566 700 sed
578 637 829 709 etiamlcriores;
838 644 974 715 smuptus
985 652 1096 714 nempe
1107 638 1242 699 excisio

156 724 208 786 nis
220 725 253 784 in
266 724 402 784 valorem
415 725 581 802 computati
594 726 727 786 inerunt.

194 810 350 872 Exhibeat
370 809 499 872 stateres
515 828 576 872 una
596 818 683 889 parte
702 816 794 889 caput
811 809 975 882 Minorem
994 815 1025 870 et
1043 815 1129 889 parte
1144 809 1240 872 altera

156 905 302 957 noctuam
314 903 346 957 et
357 912 583 976 monogramma
594 914 646 958 aut
657 912 780 958 nomen.

193 983 316 1053 Simon,
327 1000 460 1043 summus
469 983 645 1045 ludaeorum
661 980 819 1052 sacerdos,
837 996 917 1042 auno
931 980 986 1041 tas
1000 987 1071 1042 aute
1085 981 1238 1046 Christum

154 1075 262 1127 natmn
280 1065 319 1127 ad
337 1068 454 1146 pondus
473 1069 595 1130 stateris
611 1068 702 1130 siclos
720 1066 820 1138 cudit,
840 1067 892 1144 qui
911 1074 982 1126 sunt
1000 1066 1097 1144 prima
1114 1074 1238 1129 moneta

154 1152 275 1230 signata
298 1152 496 1214 Hebraeormn
515 1154 606 1230 (eous.
619 1171 651 1214 n.
664 1152 742 1230 695).
768 1153 820 1213 Lis
836 1152 948 1231 agitata
972 1151 1030 1211 fuit
1048 1159 1149 1212 utrum
1165 1152 1237 1214 sicli

155 1236 357 1298 Hebraeorum
375 1239 551 1316 superstites
566 1239 628 1300 sint
643 1238 781 1318 genuini.
798 1238 890 1297 blodo
906 1243 1007 1298 autem
1024 1253 1079 1315 pro
1094 1238 1237 1317 genuinis

154 1319 307 1384 habentur
322 1324 347 1382 ii
365 1324 418 1402 qui
429 1323 576 1385 exhibent
585 1323 776 1386 characteres
787 1323 1004 1393 samaritanos,
1023 1322 1075 1400 qui
1088 1322 1236 1401 primitivi

154 1407 345 1471 characteres
359 1410 572 1482 Hebraeorum,
588 1408 828 1471 Chanauaeorum
837 1425 892 1494 seu
907 1408 1085 1470 Pboenicum
1097 1408 1235 1484 iuerrmt,

152 1496 268 1573 qmque
278 1497 310 1556 in
322 1497 440 1570 Judaea,
453 1498 586 1559 Samaria
595 1504 627 1558 et
635 1496 792 1557 Phoenicia
804 1495 843 1556 ad
856 1496 1037 1556 commercia
1051 1497 1235 1558 communis·
1289 1561 1295 1580 1

154 1579 231 1642 ume
253 1581 492 1652 adhibebantur;
514 1598 607 1659 quaro
632 1581 700 1642 sicli
722 1581 888 1640 recentiori
910 1580 1086 1642 charactere
1109 1580 1233 1643 hebraeo

151 1665 292 1746 insigniti
309 1674 450 1728 recentes
471 1683 506 1728 ac
524 1667 619 1746 spurii
637 1666 865 1742 sunt‚quamvis
884 1665 962 1725 torte
979 1667 1071 1725 etiam
1094 1667 1233 1728 nonnulli

151 1753 345 1814 characteres
371 1754 573 1815 Samaritanos
600 1753 769 1813 relerentes
788 1752 954 1812 recentiori
976 1757 1064 1813 aetate
1086 1752 1125 1814 ad
1146 1761 1233 1815 rete·

150 1853 219 1898 rmu
235 1839 378 1900 siclorum
397 1839 599 1900 imitationem
615 1835 738 1915 praeusi
752 1834 826 1897 sint.

186 1924 322 2004 Figurae,
337 1942 405 2003 quae
425 1926 459 1985 in
471 1925 555 1986 siclis
567 1923 794 2001 conspiciuntur
814 1926 885 1981 suut
904 1920 1019 1998 palma,
1045 1938 1109 1982 nux
1123 1922 1232 2001 pinea,

149 2011 332 2089 quandoque
355 2011 463 2090 spicae,
481 2009 666 2087 manipulus,
692 2008 865 2086 pampinus,
890 2007 1010 2077 botrus,
1039 2007 1109 2079 iios,
1133 2025 1233 2072 ramus

149 2095 374 2172 amygdalinas,
386 2112 454 2166 vas,
468 2095 549 2173 quod
558 2095 611 2155 alii
624 2110 741 2171 ponor,
751 2110 810 2170 quo
827 2094 938 2152 Manna
954 2091 1186 2167 adservabatur,
1201 2104 1233 2158 et

148 2182 204 2243 alii
222 2199 275 2244 vas
295 2183 467 2244 ministerio
491 2183 598 2262 templi
618 2181 817 2249 destinatum,
840 2195 907 2240 esse
931 2180 1040 2240 volunt
1053 2183 1078 2242 *.
1096 2181 1232 2262 signatio

148 2269 293 2331 siclorum
306 2276 352 2329 est
362 2271 460 2342 varia3
475 2271 570 2348 aliqui
584 2269 701 2330 circum
712 2283 765 2328 vas
783 2265 900 2326 habent
916 2266 1005 2328 rictus
1017 2267 1128 2339 Isrod,
1146 2278 1178 2331 et
1193 2288 1232 2333 ea

148 2355 243 2416 altera
252 2361 337 2433 parte
351 2355 465 2416 circum
477 2358 595 2436 virgam
608 2354 757 2415 Aaronb:
772 2351 935 2413 Jerusalem
946 2355 1064 2415 Sancto.

184 2439 217 2500 2⁰
226 2449 364 2517 nsaw,
376 2442 582 2502 didrachmum
589 2458 645 2503 seu
657 2440 833 2501 didrachmo
845 2438 966 2516 (matth.
982 2440 1027 2511 ll,
1041 2440 1101 2518 25),
1112 2442 1231 2520 pondus

148 2540 183 2586 ac
198 2544 336 2588 nummus
351 2527 543 2595 Graeconmr,
556 2526 609 2601 qui
626 2525 749 2585 valebat
765 2523 839 2583 duas
853 2523 1011 2583 drachmas
1032 2526 1154 2596 atticas,
1175 2545 1230 2589 seu

145 2614 381 2672 semistaterem
407 2619 459 2669 sut
481 2609 688 2669 semi-siclrma.
714 2609 808 2666 Valor
826 2605 897 2682 ejus
923 2619 1145 2685 cousequenter
1164 2622 1229 2674 erat

146 2697 302 2757 sexdecim
314 2697 424 2753 assium
440 2693 538 2769 (sols),
557 2700 589 2750 et
605 2692 733 2752 duonrm
748 2691 874 2751 circiter
889 2692 1081 2754 denariorum
1093 2696 1228 2776 (desim)

147 2797 217 2840 cum
236 2778 363 2838 dimidio
382 2784 513 2837 monetae
533 2775 663 2854 gallicae.

184 2864 216 2924 3⁰
240 2881 337 2941 Δραχμη
361 2862 514 2926 ſtrorhmc
529 2863 615 2941 (Luc.
636 2862 682 2931 tt,
700 2861 729 2931 8,
748 2861 789 2937 9),
812 2860 930 2939 pondus
946 2869 977 2922 et
997 2867 1112 2926 nuuami
1130 2885 1226 2948 genus

146 2953 333 3015 Graecorum.
345 2954 459 3030 Quarta
468 2952 539 3011 'erat
553 2949 672 3010 stateris
677 2947 949 3028 pars,valebatque
961 2959 1029 3013 octo
1040 2969 1120 3016 asses
1130 2955 1223 3033 (sols),

145 3046 178 3100 et
186 3057 279 3099 unum
291 3039 415 3099 circiter
421 3035 581 3096 denarium
594 3033 883 3110 (dmier).Drachma
894 3035 1090 3099 alexandrina
1099 3039 1224 3120 duplmn

144 3123 297 3186 drachmas
307 3122 419 3183 Attica
430 3127 495 3182 erat
507 3118 600 3196 (coni.
614 3137 645 3179 n.
659 3119 737 3194 oar).

173 3248 184 3270 ⁸
194 3249 265 3310 Apud
274 3250 393 3297 Romanos
403 3244 559 3307 esprimltus
568 3243 711 3304 insignitum
722 3242 771 3292 init
782 3244 840 3291 ncta
847 3246 969 3306 undosa,
980 3246 1053 3307 atque
1063 3246 1122 3297 binc
1131 3262 1221 3301 nomen
1328 3277 1330 3281 ν

142 3319 259 3381 petuma,
272 3321 301 3366 ut
317 3317 405 3375 ierim,
416 3314 544 3363 descendit
552 3325 560 3360 r
569 3314 688 3374 ogram
696 3316 739 3371 ert,
750 3313 786 3361 ait
798 3313 902 3376 rrimus,
913 3319 971 3363 soto
984 3318 1097 3377 pecuum
1106 3331 1118 3368 r
1127 3323 1188 3370 sade
1199 3326 1223 3372 ct

140 3390 240 3452 maio
250 3383 384 3448 appellato(
395 3385 458 3433 llist.
470 3385 523 3431 ilat.
535 3383 581 3431 lib.
591 3383 632 3440 5³,
643 3395 666 3430 c.
676 3381 717 3443 3).
728 3383 833 3442 Primm,
844 3385 888 3444 qui
899 3385 965 3443 apud
975 3386 1095 3434 liomanos
1102 3401 1135 3437 ars
1142 3389 1220 3450 signa-

142 3458 189 3517 rit,
199 3456 247 3505 luit
256 3456 366 3514 Servium
376 3459 461 3502 sextus
470 3465 516 3500 rex
522 3452 697 3513 marmorum,
706 3463 792 3500 sersus
799 3465 890 3501 aunum
900 3454 946 3503 53³
955 3456 1013 3504 tute
1022 3455 1143 3521 Christum
1153 3461 1220 3508 occi-

140 3542 183 3579 sus
193 3542 202 3576 a
212 3531 304 3578 saraim
313 3542 357 3576 rex
363 3529 454 3588 primur
460 3527 560 3587 nouerit
569 3537 611 3582 oer,
622 3523 703 3586 iuquit
714 3525 808 3573 Plinius
817 3524 826 3587 (
835 3526 892 3574 lec.
905 3526 948 3574 cit.
959 3527 1027 3576 coni.
1037 3529 1138 3578 Varron.
1147 3533 1175 3578 de
1185 3536 1218 3583 ιιι

140 3601 298 3660 naucella.
305 3601 376 3659 i,c.l
387 3597 511 3660 ).coul.n.
522 3596 562 3645 ot.
573 3599 625 3646 not.
637 3596 657 3661 ).
667 3598 810 3647 Plutarchus
816 3601 982 3659 oouqsbnma
990 3604 1168 3652 numismatibus
1175 3609 1219 3655 cst

141 3671 230 3728 meent,
238 3672 280 3717 out
291 3681 364 3726 orna,
375 3670 416 3716 cut
425 3679 490 3714 mem
500 3666 650 3725 insculptum
659 3667 734 3714 inisse
744 3666 831 3714 scribit
843 3665 852 3727 (
863 3667 927 3715 Plut.
939 3668 965 3714 in
976 3669 1100 3718 Publicola
1114 3670 1133 3731 ).
1145 3674 1215 3734 Apud

139 3738 311 3798 Peloponesios
323 3747 439 3783 nummus
450 3735 504 3781 orat
512 3733 885 3794 igura'iedudiuisiusignitus,
894 3736 960 3784 unde
974 3738 1102 3799 anuquum
1113 3753 1216 3802 prover.

138 3809 227 3858 hiuma
240 3808 356 3856 Virtutem
370 3819 399 3853 oc
411 3805 551 3864 amusan
561 3805 694 3852 Tamum
704 3807 824 3864 rupem
835 3804 1026 3853 Atheniensibus
1036 3821 1151 3858 nummus
1160 3815 1214 3862 mr

139 3877 221 3934 siligio
236 3875 308 3924 Beris
320 3875 433 3931 notatus,
444 3883 520 3932 quare
530 3872 600 3929 iuxta
617 3872 725 3932 priscum
740 3872 854 3930 adagium
868 3873 998 3922 dicebatur
1009 3887 1017 3923 r
1027 3880 1074 3926 Bor
1084 3881 1108 3925 r'o
1118 3880 1212 3943 tinges,

137 3947 256 4009 adsersus
266 3956 322 4002 eos,
331 3944 374 4003 qui
385 3940 491 4001 pecunia
500 3940 607 4001 corrupti
618 3942 749 3990 veritatem
759 3941 874 3991 silebant.
885 3942 921 3989 0b
932 3945 1046 3991 noctuam
1056 3959 1116 3994 vero
1126 3951 1210 3998 statere

137 4015 283 4074 impressam
293 4011 429 4070 audquitus
444 4008 633 4068 proverbialiter
642 4009 787 4070 dicebatur,
797 4011 889 4060 doctas
899 4012 976 4071 odat,
985 4012 1043 4063 dam
1051 4019 1158 4077 pecunia
1166 4030 1212 4066 pe.

135 4082 209 4146 gotila
218 4079 319 4142 agendo
325 4077 513 4128 transient.
