2708 4846
191 391 225 440 vr
639 393 835 446 snnrsrro'

188 475 429 586 losophorum
452 501 682 576 paganorum
706 492 919 578 argumenta
939 479 1095 568 fallacia,
1119 507 1161 556 ex
1183 483 1275 580 ipsis

188 584 485 685 Apologistarum
509 587 719 666 christianae
744 589 928 688 religionis
952 589 1122 686 operibus
1145 608 1268 678 eruta,

188 694 390 770 incredibili
415 697 565 772 audacia
586 700 897 796 reprodurerunt,
923 723 1052 774 eorum
1077 701 1272 774 solutiones

116 803 118 807 ’
189 804 337 880 subdole
350 809 592 896 occultarunt,
611 823 673 884 aut
685 811 826 886 dextere
838 823 1092 908 corruperunt,
1108 836 1271 907 novaque

188 916 409 1013 sophismata
423 918 701 1016 sophismatibus
714 921 992 1008 accumulando,
1006 918 1137 993 Libros
1149 946 1271 995 sacros

187 1039 229 1099 ut
243 1025 425 1102 fabulosos
436 1028 702 1135 hominumque
715 1032 923 1104 seductores
938 1030 1107 1104 universo
1120 1030 1200 1104 orbi
1212 1058 1270 1106 ex-

185 1134 310 1212 hibere
332 1138 450 1212 moliti
473 1152 571 1213 sunt.
597 1140 653 1213 Ita
673 1153 918 1217 sacrosanctae
940 1154 1080 1216 nostrae
1102 1142 1269 1240 religioni

185 1250 335 1322 vulnera
356 1249 568 1347 gravissima
586 1248 725 1324 inflicta
743 1251 913 1337 fuerunt,
937 1262 974 1326 et
993 1251 1181 1337 Deismns,
1205 1253 1268 1344 qui

35 1347 41 1354 ⁹
184 1355 317 1432 abhinc
334 1357 512 1452 aliquibus
523 1360 672 1434 saeculis
686 1360 783 1433 inter
797 1382 934 1457 paucos
949 1359 1124 1458 ignobiles
1140 1375 1269 1435 ancto-

172 1471 243 1552 ⁴re's
255 1465 427 1556 latitabat,
438 1468 507 1542 hac
520 1483 645 1542 nostra
659 1482 765 1545 aetate
777 1484 886 1567 caput
897 1471 1133 1544 audacissime
1142 1473 1264 1558 erexit,

183 1605 229 1656 ac
240 1581 347 1680 longe
358 1582 497 1674 lateque
508 1581 633 1676 serpit.
648 1582 771 1654 Testes
783 1579 931 1674 hujusce
942 1583 1099 1656 veritatis
1114 1583 1267 1656 existunt

183 1692 387 1789 perniciosa
408 1712 521 1786 opera
542 1689 624 1765 DD.
652 1691 696 1763 de
719 1690 900 1777 Voltaire,
929 1692 966 1764 J.
990 1693 1026 1763 J.
1054 1691 1263 1781 Rousseau,

183 1802 343 1901 Raynal,
359 1799 529 1887 Helvetii,
542 1799 692 1887 Tindal,
712 1798 868 1887 (lollius,
884 1798 1146 1899 Bolingbrock,
1161 1805 1263 1876 Mor·

183 1936 273 2012 gan,
301 1913 481 1998 Browne,
507 1910 551 1984 de
575 1908 1034 2008 Cherbury„Edelmann,
1065 1911 1263 1996 Hanfeldii,

183 2023 410 2116 aliorumque
429 2021 588 2116 ejusdem
609 2021 761 2093 furfuris
780 2018 968 2093 eluistiani
991 2021 1152 2093 nominis
1177 2021 1267 2093 hos-

182 2133 289 2218 tium,
305 2154 464 2225 quorum
477 2153 562 2226 pars
577 2152 713 2229 magna
725 2127 798 2202 hoc
809 2144 907 2202 anno
923 2127 1015 2198 1818
1028 2151 1163 2226 magno
1179 2151 1265 2201 cnm

182 2239 367 2340 religionis
377 2239 588 2315 christianae
599 2238 829 2325 detrimento,
841 2248 1050 2332 aeternoque
1057 2237 1264 2312 Deistarnm

183 2350 383 2449 opprobrio
395 2350 594 2425 recuditur.
608 2348 660 2422 At

303 2539 951 2608 ocurasboninun,qosnlnnosllnrsboslnanel

181 2690 317 2766 Omnia
337 2689 425 2767 haec
441 2687 678 2761 inimicorum
696 2685 768 2759 tela
787 2685 835 2759 ad
849 2708 996 2782 rupem,
1022 2686 1081 2761 cui
1098 2685 1263 2761 Christus

182 2802 342 2875 divinam
357 2822 462 2872 suam
478 2797 691 2896 religionem
709 2797 966 2891 superstruxit,
985 2798 1169 2873 confracta
1183 2801 1264 2872 col-

179 2911 369 2999 labuntur,
396 2922 432 2983 et
455 2921 575 3005 portae
599 2906 706 2980 inferi
727 2908 896 2980 adversus
920 2906 1140 2996 Ecclesiam,
1166 2910 1262 3003 juxta

179 3022 361 3120 promissa
383 3015 584 3093 infallibilia
606 3017 720 3091 divini
750 3017 808 3090 sui
832 3018 1047 3106 conditoris,
1070 3022 1262 3116 nunquam

177 3130 432 3232 praevalebunt
448 3127 594 3219 (Matth.
611 3126 674 3215 16,
693 3125 768 3220 18).

132 3336 137 3345 .
229 3239 361 3317 Libros
376 3263 500 3316 sacros
512 3239 625 3313 modo
638 3238 945 3336 perniciosissimo
960 3239 1200 3313 defendendos
1219 3240 1261 3312 in

179 3379 218 3430 se
233 3360 471 3449 susceperunt
487 3348 640 3448 Neologi
658 3348 843 3436 nonnulli,
867 3349 931 3443 qui
947 3347 1136 3422 derisionis
1157 3372 1262 3427 arma

177 3462 310 3541 Deistis
324 3459 499 3559 erepturi,
517 3459 716 3534 certissima
732 3459 934 3556 Scripturae
953 3481 1071 3535 sacrae
1083 3459 1258 3538 miracula

143 3564 146 3569 ’
176 3575 272 3648 male
282 3569 564 3668 cantipersasac
578 3569 678 3643 nefas
686 3569 832 3667 physice
841 3569 1017 3665 explicare
1027 3568 1146 3642 conati
1158 3583 1255 3644 sunt.

177 3683 257 3758 Hos
269 3681 363 3755 inter
373 3680 508 3756 infelici
516 3693 639 3754 nostra
655 3691 760 3755 aetate
772 3678 1003 3754 eminuerunt
1015 3680 1051 3751 J.
1069 3677 1157 3752 Chr.
1172 3679 1254 3753 Fre·

179 3791 321 3867 doricus
336 3792 437 3878 Eck,
459 3802 494 3864 ct
511 3790 560 3862 H.
578 3789 624 3865 E.
644 3786 791 3863 Gottlob
805 3789 939 3862 Paulus
957 3817 966 3862 ι
986 3788 1045 3862 ille
1060 3788 1100 3861 in
1116 3787 1252 3863 Teuta«

179 3901 278 3978 mine
293 3900 477 3976 miracula
490 3900 538 3978 N
533 3901 590 3974 ori
599 3897 816 3974 Testamenti
824 3924 873 3973 es
886 3899 1007 3973 causis
1016 3900 1173 4004 physicis
1187 3925 1258 3973 ex-

175 4011 351 4113 ponendi,
380 4026 416 4088 et
441 4011 502 4088 hic
528 4011 570 4087 in
596 4007 978 4110 Philologus-cuttu
1001 4036 1048 4088 ae
1070 4009 1256 4087 Historico
