2708 4846
394 470 801 523 ttnnenunsaenonuu.
1099 448 1134 514 ιι

98 562 213 643 vulgus
237 563 410 642 impunem
428 565 541 633 credit,
562 565 604 625 ait
624 565 662 624 cl.
686 559 849 642 Bergier',
868 558 960 637 Sagae
980 561 1011 617 el
1028 556 1133 636 Magos

66 656 212 711 murno*
225 656 363 730 tempere
382 666 484 711 aerem
504 660 688 712 transmeare
699 665 802 730 posse,
824 653 857 707 ut
877 646 910 707 in
927 643 1001 705 loeis
1014 642 1138 722 remotis

64 738 220 801 diabolum
238 735 488 816 admoneasque
507 737 749 819 intemperantiae
761 732 1020 816 inpudicitiaeque
1033 746 1139 791 exces-

63 824 141 887 sibus
152 823 285 887 undant.
297 824 340 885 At
352 831 469 887 constat
480 823 562 887 hmo
574 840 711 887 errorem
720 823 805 886 omni
817 819 1013 883 fundamento
1021 832 1140 882 carere.

64 914 94 969 et
104 923 242 989 sagannn
259 914 443 969 conventum
460 915 642 969 nocturnum
661 903 823 985 (leSodbet
834 903 884 964 dot
901 897 1141 979 secernunt

65 994 141 1057 aliud
159 1010 330 1072 essequam
349 994 488 1056 ellectum
506 995 609 1057 delirii
627 1002 658 1055 et
679 990 904 1072 imaginationis
928 987 1085 1065 exagitatas
1104 1001 1141 1049 ae

63 1083 241 1162 nandoque
253 1083 355 1163 pravis
366 1083 538 1164 depravatae
550 1084 712 1154 remediis,
726 1081 813 1160 queis
824 1076 929 1140 miseri
934 1076 988 1160 ‚illi
999 1081 1141 1146 utuntur,

60 1170 109 1246 qui
123 1168 183 1229 hoe
196 1169 340 1231 celuim
355 1169 415 1229 sibi
434 1186 598 1249 procurare
610 1171 731 1239 volunt;
746 1167 858 1228 lactum
869 1164 930 1224 hoc
943 1160 1142 1245 experiendi!

57 1256 237 1317 certissimis
249 1256 478 1335 comprobatmn
491 1257 564 1318 est'.
580 1259 667 1318 llatae
685 1255 769 1334 vulgi
790 1253 1017 1323 credulitatem,
1035 1265 1142 1332 prose·

58 1342 163 1418 quitur
185 1341 388 1420 praelaudatus
412 1350 528 1411 auctor,
556 1342 696 1403 lovenmt
719 1340 951 1402 nunatiuncnlae
967 1337 1143 1399 timidorum

57 1427 258 1505 quorumdam
268 1428 436 1501 hominum,
447 1430 500 1507 qui
510 1429 549 1492 de
562 1436 653 1491 noete
666 1431 698 1489 in
711 1429 796 1491 silvis
807 1445 825 1491 a
837 1429 888 1490 via
900 1428 1076 1489 aberrantes
1085 1438 1143 1504 pro
1207 1446 1213 1455 ·

57 1528 199 1591 sagarum
209 1513 410 1575 conventibus
422 1513 595 1576 habuerunt
610 1516 698 1594 ignes
709 1515 893 1593 lignaturam
905 1519 938 1574 et
949 1510 1144 1575 carbonario·

57 1614 141 1667 rum,
154 1605 208 1660 aut
218 1598 271 1675 qui
282 1598 392 1659 timore
404 1614 543 1678 sagarum
554 1602 699 1680 correpti,
709 1608 741 1662 et
753 1600 826 1662 dein
838 1614 944 1661 somno
955 1595 1064 1676 sopiti,
1078 1609 1144 1656 ere·

58 1683 207 1747 diderunt
219 1686 405 1747 somniantes
422 1704 456 1748 se
468 1687 576 1750 videre
592 1704 732 1768 sagarum
744 1692 952 1764 conventum,
964 1701 1024 1762 quo
1038 1697 1144 1744 eorum

57 1769 238 1851 imaginatio
250 1787 392 1852 percussa
403 1779 479 1833 erat.

96 1858 552 1937 inereduliaiunt,scripturan1'
562 1859 789 1937 Ecclesiamque
801 1856 1040 1937 superstitiosam
1052 1853 1145 1919 fidem

59 1942 213 2023 (lenm
223 1945 379 2007 fflaboliea
389 1946 507 2007 lovere.
1132 2012 1137 2023 ⁸

101 2032 147 2091 At
168 2031 225 2095 hoe
247 2033 441 2093 laniuimum
458 2039 520 2103 est;
541 2032 698 2111 Scriptura
716 2032 799 2093 enim
818 2036 850 2092 et
860 2028 1005 2099 {Ecclesia
1016 2029 1143 2105 docent,

60 2117 161 2181 Deum
178 2118 277 2179 solum
293 2117 392 2179 lutma
404 2119 505 2180 libere
526 2118 736 2197 contingentia
753 2118 912 2198 prescire,
929 2117 1029 2196 ipsum
1041 2134 1145 2179 euram

58 2201 150 2281 hujus
159 2205 312 2276 universi,
325 2210 358 2266 et
369 2222 472 2267 curam
481 2205 670 2284 peculiarem
681 2205 838 2266 hominum
850 2220 970 2284 gerere,
978 2221 1014 2265 ec
1026 2203 1066 2265 al>
1078 2203 1144 2284 ipso

56 2292 124 2355 solo
142 2292 228 2355 bena
242 2309 281 2355 xe
295 2293 376 2355 mma
391 2291 554 2373 proficisci.
573 2293 608 2355 Si
631 2291 782 2355 diabolus
792 2292 974 2372 quandoque
991 2291 1145 2355 mirabilia

57 2377 195 2459 peragit,
213 2377 249 2441 id
269 2379 343 2441 lacit
361 2380 432 2458 quia
450 2381 531 2441 Deus
543 2378 589 2439 illi
607 2378 641 2439 id
659 2379 836 2460 specialiter
852 2378 1019 2459 permittit,
1039 2384 1144 2440 etnon

55 2462 142 2543 imae
151 2464 281 2543 sneujm
291 2482 372 2545 segne
387 2474 440 2528 aut
451 2468 550 2545 magi,
563 2466 672 2544 quibm
685 2483 719 2527 se
730 2465 763 2526 et·
768 2467 852 2546 paen·
861 2466 900 2528 ad
912 2466 978 2548 ipsa
990 2464 1146 2545 operanda

58 2550 236 2633 obligasset.
242 2551 361 2630 Qtribus
367 2553 597 2614 reflectionilrus
605 2559 755 2632 praetensa
761 2570 918 2633 magorum
929 2559 1063 2632 potestas
1071 2554 1143 2614 ruit

92 2637 237 2701 Ecclesia
247 2638 575 2700 excommunicationes
587 2638 621 2699 iu
638 2639 743 2717 Magos
760 2637 938 2715 frequenter
949 2637 1097 2709 vibravit3
1111 2644 1145 2698 et

57 2720 118 2785 noe
127 2722 242 2803 prebat
252 2738 322 2784 eam
331 2724 452 2803 Magos,
465 2723 534 2803 qui,
547 2723 656 2784 relicte
669 2740 705 2783 uc
717 2730 892 2804 contempto
904 2725 986 2793 Deo,
999 2724 1145 2802 supersti-

58 2809 146 2873 tiosis
167 2809 280 2871 rideas
304 2808 474 2871 daemonem
497 2809 531 2871 in
555 2809 720 2889 flagitiosas
741 2827 810 2873 ems
830 2810 987 2891 passiones
1003 2808 1143 2881 uehere,

60 2892 169 2957 ellim
184 2894 405 2975 metaphysica
416 2897 607 2958 autmoralia
621 2897 735 2958 inferre
747 2896 943 2968 meditantur,
956 2902 992 2957 ut
1002 2894 1144 2959 homines

63 2980 317 3135 amu
326 2979 464 3044 fidelium
474 2984 636 3065 indignos,
649 3002 815 3064 eormnqne
827 2984 1007 3047 exercitium
1017 3000 1144 3046 execra-

133 3110 144 3137 ,
306 3085 335 3129 e.

99 3152 488 3235 Ecclesiaetiamlinstituil
507 3159 697 3228 exorcismos,
717 3164 748 3219 et
766 3156 801 3216 hi
812 3155 947 3237 probant
966 3157 1062 3236 ipsam
1074 3172 1143 3217 cre·

65 3238 139 3305 dere
155 3254 239 3302 emm
255 3247 438 3321 potestatem
457 3244 504 3303 illi
523 3244 640 3305 diaboli
658 3241 848 3324 superiorem
865 3258 947 3314 esse,
968 3257 1062 3319 seque
1075 3256 1142 3303 eam
1177 3264 1181 3272 ·

60 3326 179 3409 pellere
194 3343 300 3408 poue,
320 3346 382 3390 non
394 3347 469 3392 vero
483 3331 567 3392 illam
579 3332 784 3404 existimasse,
799 3349 833 3394 se
848 3346 906 3412 per
922 3331 997 3392 istos
1010 3327 1143 3390 exercis-

60 3415 233 3563 tneelffis
243 3422 425 3497 pmeataoem
440 3418 511 3482 aliis
521 3418 671 3493 nocendi,
685 3428 718 3484 et
733 3418 885 3483 adiabolo
897 3418 929 3481 vi
941 3417 1023 3501 pacti
1036 3416 1143 3478 obten-

60 3506 133 3572 lam,
187 3500 195 3516 “
230 3516 296 3563 ere.
1151 3527 1157 3543 ·

95 3586 214 3649 Soeulo
225 3586 346 3651 decimo
358 3591 487 3671 septimo
499 3608 610 3656 caecam
622 3591 764 3656 lidem'de
777 3594 863 3674 Sagis
875 3598 907 3656 ct
916 3590 1014 3672 ldagis
1024 3590 1056 3651 ln
1065 3604 1142 3649 non·

59 3672 154 3735 nullis
168 3673 359 3753 regionibus,
373 3683 405 3737 et
416 3676 449 3737 in
461 3677 625 3740 Germania
636 3678 840 3759 potissimum,
853 3679 1032 3747 invaluisse,
1044 3673 1142 3754 pluri·

12 3818 15 3837 ,
60 3770 184 3837 nsque
192 3756 376 3822 innoeentes
387 3761 525 3825 victimas
537 3763 665 3826 dammis
676 3765 801 3828 traditas
812 3764 921 3837 luisse,
933 3778 1023 3827 nemo
1035 3760 1095 3823 nisi
1107 3760 1140 3823 in

60 3836 184 3911 une·
194 3844 384 3927 planemdia
394 3848 589 3912 inficiabitur.
672 3844 680 3859 “

67 3928 224 4005 -tfflneo
242 3935 355 3997 secde
366 3952 423 4016 per
433 3934 549 3999 bellum
563 3936 720 4003 suevicnm
731 3938 767 4007 in
779 3935 942 4005 &mania
962 3936 1063 4000 omnia
1074 3950 1140 4001 ses·

61 4032 270 4190 meg-:ml
280 4046 330 4119 tel,¹
339 4043 557 4103 sonte-unte
573 4051 763 4119 decennus,
785 4049 942 4105 liethertus·
958 4048 991 4107 de
1003 4050 1030 4105 la
1043 4045 1141 4107 rtrttts
