2708 4846
147 445 1213 502 W.

352 532 356 539 ¹
427 597 635 688 ennon
662 575 930 686 ramum.

299 784 356 850 ΟΕ
374 785 554 853 CANONE
571 787 800 845 elationum
815 783 1073 844 sectionum„

589 934 781 970 -ιήμ-

543 1061 589 1130 ssl.
600 1061 707 1112 -Notlo
716 1059 836 1112 canonia&

182 1203 214 1260 t·
233 1218 309 1265 nee·
322 1215 423 1281 graece
436 1199 567 1280 rendam
578 1196 737 1279 significat
751 1199 786 1258 ln
795 1214 885 1259 sensu
895 1197 1065 1276 antiquiore
1074 1197 1211 1263 Ecclesia

146 1291 337 1369 nnniturpro
347 1287 492 1366 Catalogo
510 1286 670 1347 Libronim
678 1300 831 1345 sacrorum
843 1300 897 1344 seu
905 1284 1130 1362 religiosorum,
1145 1299 1214 1363 quot

145 1375 283 1436 Ecclesia
302 1374 340 1435 ad
354 1373 508 1454 publicam
525 1370 704 1450 populorum
718 1370 946 1430 instructionem
965 1369 1107 1440 adhihct;
1126 1385 1219 1448 quare

144 1458 178 1519 hi
192 1461 265 1520 libri
283 1459 344 1539 ipsi
359 1457 501 1520 canonici
513 1456 589 1517 dieti
603 1462 682 1516 sunt.
696 1457 788 1516 Juxta
802 1472 887 1515 usum
905 1462 1005 1515 autem
1021 1456 1181 1532 loquendi,
1201 1472 1220 1515 a

146 1545 254 1606 saeeulo
268 1544 358 1605 tertio
375 1550 406 1603 et
422 1549 528 1620 quarto
540 1547 710 1619 receptum,
728 1539 912 1602 solmnmodo
932 1541 1005 1599 libri
1018 1541 1129 1615 divini,
1145 1560 1218 1621 quos

147 1637 296 1709 tamquam
313 1629 449 1710 regulam
461 1627 532 1688 fidei
545 1627 685 1688 venerari
700 1627 861 1700 debemus,
872 1627 1006 1688 cononici
1014 1628 1215 1708 appellantur,

148 1724 235 1795 natue
248 1735 352 1778 eorum
363 1717 454 1796 plena
467 1714 608 1776 collectio
622 1731 714 1775 eonon
724 1721 858 1776 vocatur.

181 1803 267 1864 Libri
285 1803 338 1882 qui
356 1802 479 1882 publice
498 1800 531 1859 in
549 1800 687 1861 ecelesiis
705 1800 779 1860 olim
797 1799 1055 1879 praelegebantur,
1072 1805 1103 1859 et
1119 1800 1152 1860 in
1168 1818 1214 1862 ca

148 1904 226 1951 none
246 1906 309 1949 non
333 1895 434 1959 erant,
454 1887 659 1964 abantiquis,
680 1887 726 1946 uti
751 1892 783 1946 et
805 1903 824 1946 a
845 1886 930 1947 Sixto
949 1885 1084 1956 Sinensi,
1103 1886 1216 1946 Bellat-

145 1975 243 2045 mino,
254 1981 313 2034 etc.
328 1971 434 2051 (Conl.
448 1991 480 2033 n.
491 1971 544 2050 tt)
559 1971 745 2033 ecclesiastici
757 1971 921 2051 nuncupati
933 1977 1022 2032 sunt:
1037 1991 1052 2026 n
1063 1971 1137 2033 Haec
1150 1979 1217 2032 sunt

147 2077 164 2115 n
177 2055 389 2135 (aitlluftinus
401 2058 432 2117 in
442 2056 608 2134 symbolo),
621 2075 689 2134 quae
706 2059 811 2118 Patres
822 2058 901 2137 intra
910 2072 1056 2117 canonem
1066 2058 1216 2118 concluse

147 2163 163 2200 a
177 2150 262 2214 runt,
279 2150 358 2203 etex
371 2141 481 2219 quibus
496 2139 568 2201 fidei
579 2149 690 2201 nostrae
699 2144 880 2203 assertiones
888 2148 1026 2202 constare
1036 2142 1214 2204 voluerunt:

147 2246 164 2285 a
179 2227 338 2288 sciendum
351 2233 453 2287 tamen
473 2232 535 2297 est,
552 2223 634 2302 quod
652 2233 683 2286 et
701 2227 755 2287 alii
769 2227 842 2287 libri
857 2235 927 2287 sunt
944 2226 996 2304 qui
1011 2245 1072 2288 non
1086 2237 1155 2289 sunt
1168 2247 1217 2290 ca·

147 2331 163 2369 o
177 2312 295 2383 nonici,
306 2310 361 2372 sed
371 2311 558 2372 ecclesiastici
569 2327 587 2371 a
597 2311 763 2391 maioribus
774 2312 917 2394 appellati
935 2320 1005 2376 sunt
1017 2312 1119 2392 (Conf.
1133 2316 1216 2377 Hier.

147 2396 265 2474 »Praefi
279 2398 311 2456 t‘n
328 2396 377 2457 tit.
391 2397 529 2476 Salem).
542 2419 559 2456 a

121 2542 125 2549 ,
181 2483 274 2544 Porro
294 2492 406 2562 praeter
428 2501 575 2545 canonem
594 2484 812 2547 catholicorum
829 2483 890 2545 duo
914 2485 1012 2547 adhue
1034 2485 1085 2546 alii
1110 2486 1218 2549 dantur

65 2620 72 2631 .
145 2585 291 2644 canones,
307 2587 434 2649 qnorum
447 2589 524 2634 unus
541 2571 670 2645 Judaeis,
686 2572 764 2634 alter
782 2571 957 2635 acatholicis
970 2573 1107 2635 inservit.

489 2695 671 2765 sih-Genea
686 2699 873 2748 catholicorum.

181 2808 212 2865 t.
225 2806 333 2868 Libros
347 2806 380 2867 in
392 2808 614 2870 catholicorum
625 2826 741 2870 canone
755 2816 912 2870 contentos
924 2809 1105 2870 universalis
1113 2811 1220 2873 Eccle-

144 2892 189 2955 sia
204 2894 342 2974 pluribus
356 2903 426 2956 ante
439 2895 650 2958 Tridentinam
663 2896 817 2974 synodum
826 2896 944 2958 saeculis
954 2903 988 2956 ut
1002 2899 1153 2958 canonicos
1167 2917 1220 2960 ve-

143 2989 250 3043 nerata
271 2990 351 3054 erat,
373 2983 499 3062 speciali
521 2982 561 3043 de
581 2983 620 3045 iis
643 2983 798 3045 decisione
821 2982 903 3044 haud
925 2983 995 3044 lata.
1018 2983 1096 3046 Cum
1117 2995 1219 3047 autem

143 3068 254 3129 saeculo
275 3067 394 3130 decimo
411 3076 496 3130 sexto
511 3070 660 3132 Lutherus
679 3086 714 3130 ac
737 3067 880 3131 Calvinus
896 3069 1004 3141 libros,
1020 3088 1093 3148 quos
1111 3070 1219 3133 deute-

143 3155 340 3217 rocanonieos
353 3155 552 3234 appellamus,
569 3174 608 3218 ex
621 3156 780 3217 Librorum
788 3172 940 3217 sacrorum
957 3156 1026 3216 albo
1043 3172 1218 3235 expungere

143 3246 340 3312 attentarent,
362 3241 467 3302 Patres
492 3240 666 3303 Tridentini
690 3241 746 3302 sub
769 3241 966 3303 anathematis
984 3258 1074 3321 poena
1092 3240 1145 3318 (n.
1162 3243 1218 3319 to)

139 3333 303 3409 ¹sequentes
311 3327 434 3399 Libros,
445 3343 608 3404 omnesque
622 3343 725 3386 eorum
734 3335 836 3406 partes
845 3335 877 3387 ut
886 3344 987 3390 saeros
995 3329 1218 3408 canonicosque

143 3411 182 3472 ab
191 3426 373 3488 unoquoque
384 3410 520 3473 fidelium
531 3413 643 3491 suscipi
650 3410 812 3490 jusserunt.

177 3496 264 3557 Libri
282 3511 355 3556 vero
368 3496 419 3556 isti
431 3505 519 3558 sunt:
541 3497 728 3558 Testamenti
740 3498 879 3570 Veteris,
893 3500 1027 3578 quinque
1040 3500 1169 3579 Moysis;
1184 3501 1213 3568 id

143 3589 198 3655 est,
212 3582 356 3653 Genesis,
375 3583 512 3655 Erindes,
529 3583 696 3656 Leviticus,
711 3586 851 3657 Numeri,
867 3587 1150 3657 Deuteronomium;
1164 3590 1211 3649 Jo

142 3684 211 3741 sue,
222 3671 241 3730 J
243 3669 378 3739 udieum,
389 3667 482 3740 lluth,
496 3671 760 3749 quatuorllegum,
771 3671 829 3732 dno
840 3672 1101 3752 Paralipomenon,
1112 3673 1213 3738 Esdra

43 3812 45 3817 .
142 3753 257 3832 primus
267 3762 298 3816 et
307 3754 524 3832 secundunqui
535 3753 954 3829 diciturNehemiae3Tohias,
966 3758 1083 3830 iudith,
1094 3759 1214 3832 Esther,

143 3835 221 3911 Job,
242 3840 422 3903 Psalterium
443 3840 618 3904 davidicum
639 3843 994 3922 centuquuinquaginta
1014 3842 1213 3921 Psalmorum,

144 3924 308 3999 Parabolae,
320 3926 527 3999 Ecclesiastes,
542 3926 702 3989 Canticum
713 3927 916 4001 canticorum,
932 3931 1097 4011 Sapientia,
1108 3932 1215 3992 Eccle-

143 4010 293 4084 siasticus,
304 4015 409 4088 isaias,
424 4015 595 4077 Hieremias
608 4032 677 4077 cum
688 4015 821 4087 Baruch,
835 4017 994 4089 Ezechiel,
1006 4016 1129 4089 Daniel,
1142 4017 1215 4078 doo-

144 4095 245 4175 dteint
258 4097 418 4185 Propheta
435 4100 582 4170 Minores,
596 4101 703 4180 idest,
723 4101 834 4177 Oseas,
849 4104 934 4177 Jo‘e'l,
951 4102 1212 4182 Amos,‚‚hhdias,
