2708 4846
470 463 656 511 brettonum
675 463 877 511 SACRORUM.
1166 465 1213 513 eto

133 561 332 633 apparuerat;
344 561 395 613 aut
406 555 507 632 angeli
519 571 575 633 per
586 554 709 614 modum
719 553 896 633 adparendi,
910 563 969 615 etc.
978 554 1212 616 manilestantso

135 658 201 704 esse
218 641 343 700 nuntios
359 638 513 709 coelestes,
527 648 560 700 ut
573 657 612 700 ex
624 642 690 718 ipsa
703 640 893 719 adparitinne
905 641 944 701 ad
955 640 1146 711 Zachariam,
1160 641 1213 719 qui

134 726 173 787 ad
185 726 271 786 illam
284 725 419 786 turbatus
432 727 614 786 contremuit
624 726 635 801 (
644 728 716 784 Luc.
731 725 762 797 l,
776 726 826 801 ii)
835 725 942 802 liquet.
954 726 978 785 li
990 743 1079 796 vero,
1091 726 1143 804 qui
1153 726 1212 805 ipsi

134 810 227 873 hasce
250 811 455 890 adparitiones
476 829 537 870 non
560 809 748 879 babuerunt,
769 827 820 871 eas
842 810 1085 872 abillusiouibus
1104 813 1212 871 alienae

134 896 362 975 imaginationis
385 895 588 974 distinguunt,
611 896 731 972 quando
754 896 799 955 eis
820 897 997 956 auctoritaie
1022 895 1140 965 diviua,
1161 901 1213 956 aut
1292 920 1296 932 ·

134 979 300 1041 sufficienti
319 981 497 1067 auctoritate
517 981 664 1051 humana,
677 987 711 1040 ut
722 996 804 1041 verae
816 979 1020 1057 adparitiones
1032 981 1213 1042 transmissae

133 1072 214 1126 nunt

174 1149 264 1208 -Au
277 1145 425 1208 sufficiens
437 1147 514 1207 ratio
524 1146 721 1226 adparttionis
732 1147 859 1226 alicujus
869 1145 970 1224 angeli
983 1162 1043 1205 non
1058 1154 1117 1218 est,
1131 1146 1212 1224 quod

134 1234 217 1294 Deus
237 1250 275 1293 ex
293 1230 410 1291 infinita
431 1249 485 1292 sua
503 1232 639 1293 bonitate
648 1233 842 1294 manifestare
863 1230 940 1292 velit
951 1246 1053 1291 curam
1068 1248 1157 1308 quam
1172 1231 1212 1293 de

134 1337 251 1399 genere
263 1319 393 1380 humano
405 1319 646 1390 universim,aut
656 1320 695 1380 de
706 1318 886 1397 quibusdam
897 1317 1213 1399 bominibusinpecn

135 1404 204 1464 liari
221 1404 318 1483 gerit?
337 1406 385 1462 hu
407 1401 474 1464 finis
495 1403 646 1466 sufficiens
667 1423 727 1464 nnn
749 1411 809 1472 est,
822 1402 903 1480 quod
915 1403 997 1462 Deris
1006 1400 1145 1463 homines
1156 1419 1213 1483 per

135 1490 261 1566 angelos
270 1488 395 1557 docere,
407 1489 570 1560 consolari,
583 1499 643 1551 etc.
654 1490 747 1551 veliti
762 1491 840 1549 Num
850 1487 1001 1549 sulliciens
1008 1488 1086 1548 ratio
1095 1487 1213 1565 adpari-

136 1575 230 1634 tionis
243 1573 343 1652 angeli
357 1573 394 1632 ad
407 1574 582 1633 Zachariam
592 1584 624 1634 et
633 1575 670 1635 ad
683 1575 807 1635 Mariam
817 1592 877 1634 non
889 1580 953 1633 erat
961 1573 1064 1632 tetum
1072 1574 1212 1633 nuntium

136 1661 177 1721 de
189 1661 328 1736 proxima
339 1660 521 1720 liberatione
534 1663 656 1739 generis
668 1661 813 1722 humanit
824 1661 856 1721 Si
868 1678 941 1719 vero
955 1661 1035 1719 licus
1051 1657 1142 1719 finem
1154 1658 1213 1720 sui-

137 1743 292 1806 ficientem
314 1745 404 1804 nobis
425 1745 617 1806 innotescere
643 1747 751 1818 nollet,
776 1755 807 1806 et
831 1751 984 1805 constaret
1014 1751 1115 1804 tamen
1143 1762 1212 1805 eum

136 1847 244 1908 reapse
267 1830 407 1890 nuntium
428 1830 560 1906 aliquem
581 1831 735 1891 coelestem
757 1831 888 1899 misisse,
913 1847 985 1888 num
1009 1828 1117 1904 aliquis
1141 1829 1212 1890 ideo

136 1933 250 1993 negare
275 1915 401 1974 auderet
429 1914 569 1992 angelum
594 1933 666 1975 vere
693 1916 883 1994 adparuisse?
914 1915 992 1973 Nrun
1017 1913 1125 1988 aliquis
1146 1915 1212 1974 Deo

137 2000 243 2060 dicere
266 2005 461 2078 presumeret
478 2018 484 2055 :
499 2016 553 2059 cur
577 2000 636 2058 hoe
662 2000 778 2060 iecisti?
800 2020 816 2054 n
838 1998 913 2074 Quis
937 1996 1125 2058 consiliarius
1148 1995 1212 2071 ejus

137 2083 243 2145 »tuiti
261 2104 276 2140 v
296 2083 399 2160 (Rom.
425 2084 473 2152 ll,
495 2083 560 2159 at).
584 2084 633 2143 Ad
655 2085 859 2144 curiositatem
881 2083 1012 2143 hominis
1033 2081 1212 2158 explendam

137 2185 193 2229 eus
206 2166 327 2229 infinite
337 2169 457 2246 sapiens
469 2170 777 2246 perfectissimamque
787 2187 847 2229 non
863 2171 940 2246 agit;
953 2185 1045 2244 quare
1060 2167 1085 2225 si
1096 2175 1212 2228 constat

136 2254 280 2330 angeltun
308 2253 440 2328 aliquem
465 2270 570 2331 reapse
595 2254 782 2333 adparuisse,
809 2254 912 2314 adesse
940 2253 1033 2312 debet
1056 2250 1123 2312 linis
1146 2254 1211 2313 Deo

137 2336 259 2415 dignus.

176 2420 765 2501 -Priucipiumphiiosophiaelantianae
780 2431 840 2492 est,
856 2423 931 2482 illud
942 2423 1021 2482 hand
1034 2439 1098 2482 esse
1108 2423 1212 2500 objec-

136 2508 202 2568 tive
213 2522 332 2576 verum,
342 2507 421 2583 quod
438 2508 493 2567 sub
510 2525 614 2567 seusus
624 2526 685 2566 non
696 2509 787 2568 cadit.
804 2509 949 2567 Examina
964 2507 1050 2581 hujus
1066 2507 1212 2584 principii

136 2593 261 2661 relicto,
276 2591 375 2667 quoad
392 2601 572 2668 praesentem
589 2593 786 2665 quaestionem
797 2591 898 2650 dicere
915 2590 1039 2656 sufficit,
1051 2590 1132 2659 illos,
1144 2591 1212 2665 qui-

135 2677 193 2738 bus
209 2677 331 2757 spiritus
347 2676 507 2753 adparent,
531 2676 644 2733 sentire
665 2690 769 2731 eornm
790 2675 942 2732 actionem
960 2674 990 2730 in
1012 2692 1064 2731 sun
1084 2690 1211 2748 organa3

136 2779 232 2842 quare
253 2762 336 2822 illam
359 2768 463 2840 utpote
485 2760 623 2820 sensibus
644 2757 809 2832 subjectam
831 2759 1004 2816 examinare
1020 2763 1152 2834 possunt.
1164 2757 1212 2815 illi

136 2865 213 2909 vero
233 2848 286 2925 qui
307 2854 400 2907 testes
418 2847 525 2905 harum
541 2843 762 2921 adparitionum
779 2858 838 2900 non
858 2848 943 2910 sunt,
959 2840 995 2899 iis
1010 2840 1139 2899 credere
1151 2859 1213 2903 non

137 2939 295 3001 tenentur,
307 2932 365 2991 nisi
386 2931 458 3010 ipsis
479 2930 518 2989 de
537 2929 581 2988 eis
594 2935 677 2988 certo
691 2934 822 2995 constet3
836 2927 878 2985 ita
897 2925 1066 2985 autemillis
1079 2934 1212 2997 constat,

137 3016 260 3096 quaudo
281 3017 314 3076 in
334 3017 434 3076 Libris
456 3015 590 3081 Divinis,
603 3013 654 3089 qui
672 3013 807 3088 rigoroso
825 3013 916 3070 etiam
933 3010 1069 3069 examine
1082 3010 1214 3088 philoso-

137 3099 231 3180 phico
247 3101 365 3179 probati
378 3108 447 3160 sunt
463 3098 609 3166 veridici,
624 3098 704 3156 clarc
719 3095 925 3162 continentum
943 3110 1034 3170 quare
1048 3095 1099 3168 qui
1115 3095 1214 3154 credit

137 3185 379 3265 adpetitionibus
397 3185 428 3244 in
441 3185 593 3262 Scriptura
606 3198 689 3241 sacra
703 3181 784 3239 clare
798 3179 964 3245 contentis,
979 3177 1104 3235 minime
1116 3177 1215 3236 credit

137 3271 311 3333 auctoritati
321 3270 430 3330 alienae
441 3268 671 3345 deceptionibus
684 3264 839 3341 subjectae.
848 3266 893 3324 Ex
903 3263 992 3324 dictis
1000 3269 1083 3340 patet
1092 3279 1214 3341 respon-

137 3355 185 3416 sio
200 3355 238 3414 ad
251 3353 453 3431 objectionem
466 3354 611 3411 ultimam.
926 3347 928 3353 '

178 3473 211 3484 -
220 3439 252 3500 2⁰
273 3440 384 3517 Angoli
398 3439 431 3498 in
444 3439 520 3499 coelo
533 3439 637 3514 ntique
650 3455 709 3496 non
722 3437 836 3496 habent
847 3436 967 3495 nomina
985 3434 1142 3502 hebraica;
1160 3432 1213 3492 sed

137 3524 166 3587 ti
186 3540 221 3585 se
239 3525 377 3584 Hebraeis
394 3523 600 3589 manifestant,
611 3540 682 3580 num
696 3522 772 3580 torte
789 3522 911 3580 nomina
924 3520 1042 3578 arabica
1054 3525 1104 3576 aut
1116 3533 1215 3595 graecu

138 3607 297 3671 adsumere
311 3608 443 3668 debent?
455 3608 639 3684 Angelorum
651 3609 773 3665 nomina
787 3605 944 3664 enuntiant
957 3619 1060 3661 corum
1072 3599 1214 3673 cilicium,

138 3711 201 3754 non
214 3711 287 3754 vero
301 3700 451 3763 naturam,
465 3699 498 3750 ut
510 3709 547 3751 cx
560 3692 679 3750 illorum
689 3691 907 3769 significatione
919 3689 1025 3764 liquet.

179 3811 212 3823 -
224 3779 423 3854 iuterrogatio
441 3775 593 3836 Zachariae
604 3794 663 3835 non
674 3777 731 3835 viri
744 3775 915 3853 punientis,
934 3774 1057 3833 sednon
1068 3771 1216 3830 satiscre-

138 3864 241 3927 dentis
251 3865 322 3935 luit3
335 3869 499 3940 agnoverat
513 3863 595 3920 enim
606 3864 743 3922 nuntium
753 3861 921 3929 colestem,
935 3867 967 3918 ut
978 3876 1014 3918 cx
1025 3858 1088 3933 ejus
1098 3865 1216 3935 pertur-

137 3946 266 4011 batione
287 3965 323 4008 ac
344 3956 475 4006 tremore
498 3948 588 4019 (Luc.
612 3948 643 4017 l,
672 3947 723 4020 ii)
744 3951 842 4021 patet,
863 3952 894 4002 et
915 3943 972 4002 hoc
994 3960 1054 4000 non
1076 3943 1215 4001 obstante

138 4034 251 4113 angelo
272 4031 362 4093 sidem
381 4049 441 4091 nou
459 4031 612 4100 adhibuit,
631 4030 710 4106 (prod
729 4030 823 4104 liquet
841 4027 949 4087 exindo
964 4026 1042 4105 quod
1056 4027 1094 4086 ab
1107 4025 1215 4103 angelo
