2708 4846
146 477 192 527 01⁸6
317 478 362 524 DE
377 476 547 526 SENSIBUS
567 476 636 538 eit.¹
651 474 831 528 urnuoltuu
845 473 1052 523 SACRORUH.

147 590 163 628 >s
175 569 256 669 unde
268 570 415 678 elmultis,
429 571 499 648 quia
514 577 566 630 aut
582 568 728 640 odcrunt,
741 573 792 630 aut
807 585 870 627 non
882 574 1003 630 emant.
1013 582 1052 627 ea
1065 584 1129 627 non
1141 569 1208 630 intel

146 654 410 802 „ggitgtan'dem
421 739 558 801 conditio
571 745 617 800 est
629 738 809 816 obsequium
821 735 895 798 fidei
903 757 912 807 ;
926 754 1024 815 quare
1042 739 1075 799 S.
1086 741 1218 820 Augusti·

143 845 245 974 :spissari
256 827 368 973 {3th
371 825 566 895 intellexisti,
579 825 696 902 inquit,
709 824 816 895 orede3
826 823 1004 886 intellectus
1014 824 1101 885 enim
1114 844 1217 888 merces

310 1054 420 1124 sxx.-·
427 1056 516 1106 i'ontes
525 1056 596 1106 nala
606 1053 820 1117 interpretationis
828 1053 963 1117 Scriptura
970 1068 1060 1106 ncta.

179 1179 252 1237 oet.
263 1179 380 1239 Primus
396 1177 462 1238 tons
479 1176 567 1236 molae
582 1176 842 1254 interpretationis
854 1183 901 1236 est
913 1176 1096 1255 ignorantia
1109 1179 1157 1240 vel
1172 1197 1217 1240 ne·

141 1261 259 1345 glectus
272 1264 497 1334 conditionum,
513 1279 587 1340 quas
598 1281 629 1323 n.
643 1262 699 1324 oet
708 1262 924 1325 recensuimus.

178 1351 268 1411 Alter
279 1349 344 1410 tons
358 1349 497 1409 consistit
509 1349 542 1408 in
561 1349 782 1428 praeconccptis
798 1348 1015 1427 opinionibus,
1032 1351 1145 1427 quibus
1158 1353 1215 1427 onis

142 1434 248 1497 ductus
267 1436 451 1514 Scripturam
466 1451 582 1497 sacram
596 1435 660 1496 suis
679 1436 878 1514 conceptibus
895 1451 932 1495 ac
945 1438 1159 1514 systematibus
1170 1455 1213 1498 ac

141 1520 320 1581 commodat.

177 1605 300 1666 Tertius
315 1606 382 1666 lons
399 1613 446 1666 est
459 1606 558 1667 iibido
577 1607 763 1685 Scripturam
781 1622 898 1666 sacrem
917 1623 989 1667 cum
1013 1611 1151 1679 ratione,
1165 1627 1212 1670 sen

142 1708 211 1753 cum
221 1692 379 1772 principiis
390 1692 610 1771 philosophicis
629 1691 818 1770 vigentibus,
833 1709 902 1769 quas
922 1685 1043 1754 rationi
1052 1696 1213 1757 adscribrnr

141 1785 205 1849 tur,
216 1779 417 1852 conciliandi;
429 1798 467 1840 ex
475 1778 534 1840 hoc
546 1781 629 1841 tonte
642 1780 750 1840 crebro
763 1780 869 1841 evcnit
895 1786 931 1839 ut
942 1797 1056 1842 sensus
1064 1784 1210 1861 Scripturas

140 1879 234 1925 sacrae
255 1865 443 1945 negligatur,
469 1872 560 1942 atque
581 1863 705 1926 fallaces
730 1872 896 1942 conceptus
916 1863 1050 1927 humani
1073 1868 1104 1928 ei
1119 1868 1211 1929 substi

140 1956 270 2012 tuantur.

175 2038 307 2113 Quartus
317 2036 383 2099 ions
396 2043 442 2098 est
455 2053 517 2096 non
529 2036 609 2097 seria
620 2036 759 2097 voluntas
768 2036 955 2115 scripturum
966 2052 1090 2098 sacram
1102 2040 1159 2101 rite
1170 2039 1210 2100 in·

140 2121 300 2202 telligendi
308 2142 317 2194 ;
333 2124 405 2185 binc
418 2122 567 2203 contingit
588 2128 623 2182 ut
636 2119 921 2201 quisadiirmetnon
932 2139 1005 2200 quae
1016 2133 1206 2194 sacertextm,

139 2207 194 2268 sed
209 2227 276 2285 quae
288 2208 422 2269 adtectus
434 2208 538 2268 dictat.

175 2293 306 2368 Quintus
319 2294 441 2354 demum
456 2293 522 2352 tons
535 2299 582 2353 est
595 2292 725 2354 effraenis
744 2293 797 2353 illu
807 2292 934 2355 licentis
951 2300 984 2354 et
1005 2296 1154 2374 sacrilega
1164 2312 1209 2356 au

139 2375 243 2444 dacia,
261 2377 406 2436 miracula
422 2393 457 2435 ac
480 2377 733 2456 supernaturalia,
756 2385 824 2439 utut
840 2378 924 2439 clare
943 2379 977 2438 in
1002 2381 1110 2443 Libris
1130 2381 1209 2442 sacris

140 2462 310 2533 enuntiata,
333 2461 459 2541 physice
478 2479 533 2522 scu
547 2464 725 2523 naturaliter
742 2463 929 2544 exponendi,
951 2472 988 2525 ut
1001 2469 1170 2545 praestiwre
1182 2468 1206 2526 J.

139 2544 213 2607 Chr.
226 2546 406 2608 Fredericus
416 2547 493 2619 Eck,
510 2555 542 2609 et
557 2550 596 2607 Η.
609 2549 644 2608 E.
653 2535 917 2610 GottlobPanlus'
929 2571 938 2609 ι
951 2551 1043 2628 «Qui
1053 2570 1117 2614 non
1126 2552 1210 2614 molit

140 2632 233 2696 »filio
250 2637 428 2698 mendacem
448 2638 520 2698 iacit
538 2640 636 2699 Deum
653 2658 660 2697 :
678 2640 750 2717 quia
760 2640 932 2700 noncredit
946 2640 981 2701 in
996 2644 1207 2706 testimonium,

140 2723 250 2800 »quod
261 2723 435 2785 testificatus
447 2731 493 2785 est
505 2724 585 2786 Deus
600 2725 640 2786 de
658 2724 721 2786 tilio
734 2744 787 2788 suo
799 2747 816 2783 u
829 2727 860 2804 (Ι
877 2729 968 2787 Joen.
982 2727 1020 2798 5,
1032 2729 1099 2802 lo).

175 2809 235 2870 iiic
247 2810 413 2870 sistendum
421 2809 514 2881 toret3
527 2818 558 2872 at
565 2829 634 2871 cum
643 2811 680 2872 ad
693 2811 929 2890 intelligentiam
940 2813 1111 2875 Librorum
1122 2831 1209 2878 sacro-

137 2909 204 2953 rum
226 2895 386 2972 interpreti
405 2897 535 2957 maximc
559 2905 736 2977 opportune
755 2897 818 2959 sint
839 2898 981 2959 notiones
1006 2900 1047 2960 de
1070 2902 1207 2982 regione,

138 2996 227 3057 quam
239 2982 366 3061 populus
377 2983 491 3044 electus
504 2985 645 3055 incoluit,
656 2985 695 3045 de
708 2985 860 3046 divisione
871 2988 1021 3064 temporis
1031 2989 1116 3069 apud
1123 2990 1204 3053 illmr.

138 3063 178 3125 de
191 3063 255 3141 ejus
267 3069 454 3147 temporibus
470 3071 581 3139 sacris,
599 3069 774 3136 sacrificiis,
791 3070 997 3150 ponderibus.
1016 3075 1164 3137 mensuris
1176 3091 1207 3134 tc

113 3225 115 3228 v
136 3152 401 3230 nummis,quasin
411 3153 539 3215 decursu
546 3157 889 3218 Hermeneuticaesacrac
897 3154 1208 3222 sufficientertraicre

136 3240 347 3316 nequivimus,
368 3240 420 3300 hic
441 3258 498 3321 per
506 3243 630 3303 modum
648 3243 836 3323 Appendicis
847 3243 887 3305 dc
900 3243 965 3306 illis
975 3253 1012 3306 ut
1023 3245 1207 3311 ‹lesubsisliis

137 3322 482 3388 iicrmcneutiocesacrae
493 3344 624 3407 agemus.

167 3448 302 3512 ¹Aupust„
312 3451 343 3500 dc
353 3452 460 3502 utilitate
473 3454 599 3504 credendi.
610 3479 641 3493 -
649 3451 662 3490 ²
670 3456 787 3520 August,
796 3456 878 3506 Tract.
896 3457 925 3505 in
934 3458 1007 3508 toan.
1019 3455 1145 3512 dvi&
1154 3461 1207 3510 ire

137 3517 256 3570 istloncm
266 3521 464 3573 tiermeneutice
475 3535 563 3573 sacre.
