2708 4846
159 426 207 474 592
564 423 608 468 ut
628 420 834 469 Aunfltnrtt

195 519 266 573 otte.
278 516 310 576 8⁰
323 518 442 576 Marcus
451 514 485 584 8,
501 514 534 574 dl
544 559 552 584 ,
564 516 608 574 ait
618 513 771 577 Christum
784 511 897 572 dixisse
914 529 948 572 se
964 518 1032 589 post
1047 518 1104 571 tres
1119 510 1176 570 dier
1190 528 1226 572 re

157 609 375 672 surrecturam,
389 609 529 662 ettamen
544 602 630 661 tertio
642 600 688 659 die
698 599 898 660 resurrexisse
911 598 1037 659 dicitur.

193 690 308 748 Verum
317 696 385 767 post
395 696 452 749 tres
463 689 524 748 dies
539 696 585 748 est
594 686 796 754 hebraismus,
811 686 863 762 qui
875 684 960 744 idem
973 702 1009 746 ac
1023 687 1115 746 tributa
1128 685 1226 753 melus,

157 783 189 837 et
206 776 292 835 tertia
313 775 359 834 die
377 772 541 853 significan
560 790 653 850 quare
672 772 809 836 Christus
821 771 949 848 (Matth.
966 772 1018 838 le,
1038 772 1091 848 to)
1114 772 1187 832 dixit
1202 791 1228 833 sc

157 862 254 922 trihus
266 862 375 922 diebus
390 868 422 921 et
434 861 533 921 trihus
544 859 685 920 noctibus
710 860 742 918 in
764 858 833 918 sinu
849 864 941 916 terrac
958 875 1135 919 mansurum
1146 859 1227 936 (coni.

155 949 244 1020 Joan.
258 948 291 1019 2,
305 947 367 1022 le).

192 1034 317 1094 Hebraei
338 1033 482 1094 dicebant
496 1033 587 1093 tertia
608 1031 658 1092 vel
674 1039 781 1092 octava
803 1030 855 1091 die
870 1029 938 1090 fieri
963 1031 1045 1107 quod
1076 1031 1156 1092 intra
1177 1039 1229 1094 tras

153 1116 270 1182 Christi
285 1119 337 1180 vel
352 1125 421 1180 octo
438 1117 505 1179 dies
519 1117 728 1194 contingebat.
744 1115 890 1177 Pharisaei
906 1122 938 1177 et
954 1116 1133 1180 sacerdotes
1149 1118 1229 1181 veh

152 1215 220 1284 ptest
240 1214 297 1265 tres
316 1207 376 1266 dica
395 1222 547 1281 reaurpam
567 1203 664 1282 probe
690 1202 909 1263 intellexerunt
930 1203 970 1263 de
994 1200 1062 1280 ejus
1089 1221 1229 1266 resurreo

154 1292 237 1353 tione
258 1293 348 1353 tertia
375 1291 426 1351 die
453 1290 566 1360 iutura3
595 1305 688 1366 quare
717 1296 862 1367 rogarunt
889 1289 1034 1361 Pilatum,
1063 1298 1099 1351 ut
1121 1290 1228 1370 juberet

151 1378 298 1440 custodiri
306 1376 500 1456 sepulchrum
509 1393 597 1455 osque
606 1377 638 1434 in
652 1375 728 1434 dien
738 1377 853 1435 tertium
865 1372 990 1451 (Matth.
1002 1375 1056 1448 et,
1070 1376 1183 1454 etot).

341 1510 358 1575 ς
372 1512 521 1561 cdlxxvn.
534 1536 563 1548 -
573 1512 730 1561 continuatio
740 1512 849 1573 priormu
862 1510 1049 1562 difficulhtum.

190 1637 262 1691 too.
275 1632 307 1695 9ο
319 1634 411 1694 Juxta
423 1633 633 1707 Joannemett,
648 1633 776 1702 l,aiunt
786 1633 909 1705 heistre,
920 1633 1064 1696 Christus
1076 1641 1225 1700 remum

150 1737 235 1780 morse
251 1737 316 1780 enan
334 1717 430 1778 adhoc
452 1718 572 1778 tenebre
586 1725 692 1788 eaaeut3
702 1716 789 1794 juxta
802 1717 978 1778 Matthaeum
993 1719 1052 1791 28,
1075 1722 1109 1792 l,
1129 1740 1227 1802 uapor

149 1807 266 1872 sabboti
270 1826 281 1877 ,·
291 1804 376 1882 juxta
387 1805 522 1865 Marcum
536 1803 588 1873 to,
609 1804 644 1875 2,
663 1803 749 1864 valde
769 1821 871 1872 manc,
889 1811 954 1864 orto
971 1806 1042 1886 jam
1058 1807 1141 1879 eole,·
1157 1811 1226 1890 Juxta

149 1896 263 1967 Lucam
274 1894 325 1965 211,
339 1892 373 1963 l,
389 1889 474 1952 valde
488 1890 626 1964 diluculo.
751 1947 754 1958 ,

186 1983 321 2042 ,loannes
333 1979 375 2040 ait
387 1999 395 2038 :
408 1999 425 2035 o
437 1979 507 2038 Una
520 1986 621 2038 autem
632 1977 768 2047 sabbati,
782 1977 840 2037 aid
855 1985 902 2039 est
912 1981 1012 2058 prima
1026 1981 1081 2043 die
1090 1992 1160 2062 post
1170 1988 1228 2048 sah

148 2070 268 2139 hatum,
280 2082 336 2128 seu
352 2066 403 2126 die
416 2065 585 2135 dominica,
600 2087 616 2122 u
632 2065 729 2125 Maria
745 2064 925 2143 Magdalene
948 2069 1039 2129 venit
1059 2088 1151 2134 mane
1169 2092 1228 2136 cm

149 2175 166 2212 a
180 2154 278 2214 adhuc
291 2151 428 2212 tenebrae
444 2158 545 2211 essent
562 2150 601 2210 ad
621 2156 849 2210 monumentmn
863 2170 872 2209 ι
886 2157 918 2211 et
935 2152 1015 2213 vidit
1032 2153 1165 2234 lapidem
1182 2177 1226 2220 au·

149 2259 166 2296 a
179 2239 534 2299 blatumamonumento.
550 2255 566 2292 a
578 2237 622 2294 Ex
632 2236 691 2297 hoc
699 2235 797 2313 liquet
808 2279 816 2306 ‚
828 2236 956 2297 Mariam
966 2240 1226 2318 Magdalenamso

146 2324 208 2384 iam
220 2340 289 2384 cum
299 2321 398 2380 adhuc
408 2320 544 2380 tenchrae
558 2327 660 2380 essent
670 2320 709 2382 ad
718 2320 1060 2399 sepulchrumvenisse,
1072 2328 1228 2392 Christum-

147 2426 208 2488 que
223 2407 288 2485 iam
303 2413 367 2465 tum
392 2404 605 2464 resurrexisse.
623 2405 713 2465 Nulla
731 2413 831 2466 autem
852 2414 898 2467 est
918 2411 1127 2475 contradictio
1149 2415 1226 2478 realis

146 2496 229 2554 inter
240 2493 391 2552 loannem
403 2497 435 2549 et
447 2497 510 2550 tres
522 2489 598 2550 alios
610 2491 833 2569 Evangelistas3
848 2493 900 2553 alii
917 2495 1000 2554 enim
1018 2504 1083 2559 tres
1099 2502 1227 2582 Evange-

77 2624 81 2633 .
145 2579 225 2640 listae
247 2578 287 2640 de
303 2577 401 2655 primo
420 2575 479 2636 hoe
501 2576 634 2645 adventu
650 2578 755 2639 Mariae
777 2578 967 2657 lilagdelenae
987 2582 1028 2643 ad
1042 2587 1228 2666 sepulchrum

145 2664 261 2727 Christi
275 2679 337 2722 non
348 2662 527 2741 loquuntur,
545 2663 601 2723 sed
614 2663 653 2723 de
668 2665 830 2743 posteriori
848 2665 931 2726 illius
944 2665 1103 2744 adventu,
1119 2675 1226 2752 qnando

144 2767 257 2830 nempe
273 2749 415 2811 comitata
437 2758 502 2809 erat
519 2751 558 2810 ab
581 2751 650 2811 aliis
668 2751 857 2813 mulieribus.
876 2753 979 2829 Quum
1000 2755 1104 2820 Maria
1127 2779 1225 2843 nempe

142 2838 242 2914 prima
254 2837 323 2896 vice
335 2835 373 2894 ad
384 2835 577 2914 sepulchrum
590 2839 740 2908 venisset,
755 2845 786 2897 et
795 2838 930 2916 lapidem
941 2858 960 2900 a
971 2856 1173 2910 monumento
1183 2866 1226 2909 ro·

142 2931 259 2982 motum
265 2920 401 2991 vidisset,
414 2921 614 2981 admiratione
624 2922 715 3002 plena
727 2924 800 3000 quin
812 2936 1045 2989 monumentmn
1055 2931 1227 3012 ingredere

143 3017 193 3066 tur
203 3022 327 3076 reversa
340 3013 395 3066 est.
410 3005 608 3083 Aliquamdiu
621 3017 726 3086 postea
738 3010 825 3069 venit
833 3010 872 3070 ad
881 3012 1082 3090 sepulchrum
1090 3019 1226 3081 carnalia

141 3094 202 3172 piis
214 3092 409 3161 mulieribus,
429 3109 496 3169 quae
518 3112 587 3155 cum
600 3095 654 3154 illa
667 3095 810 3174 proiectae
828 3096 963 3170 fuerant,
980 3102 1038 3162 sed
1051 3106 1184 3182 qnae'rel
1196 3107 1225 3167 in

141 3181 192 3241 via
213 3187 338 3239 moratae
359 3178 493 3249 fuerant,
513 3180 565 3240 vel
591 3181 650 3241 alia
671 3182 809 3260 longiore
830 3185 880 3243 via
903 3186 1114 3265 incesserant,
1137 3193 1225 3255 adhoc

140 3265 225 3326 octor
244 3283 345 3334 mone,
367 3264 452 3324 ualde
472 3264 612 3345 diluculo,
632 3275 696 3329 orto
709 3268 778 3348 jam
796 3268 872 3340 oola,
886 3277 920 3331 ut
940 3272 1065 3337 Marcum
1088 3280 1223 3341 etim

140 3352 315 3431 loquuntur.

176 3438 336 3511 Matthaeus
347 3439 390 3497 ait
399 3456 407 3495 :
417 3457 433 3494 u
444 3438 717 3516 Vesperesahhati‚
729 3459 797 3519 quae
810 3443 937 3504 lucescit
944 3444 977 3505 in
990 3449 1094 3526 prima
1102 3449 1223 3519 sabbati,

139 3525 256 3584 »venit
276 3523 372 3582 Maria
393 3523 574 3601 Magdalena
594 3525 739 3587 etaltera
754 3529 850 3588 illaria
862 3530 970 3590 videre
991 3537 1222 3614 sepulchrum.»

140 3609 206 3671 lloc
220 3616 280 3681 est,
297 3625 426 3689 vespere
443 3610 562 3670 sahhati
581 3609 682 3685 linito,
697 3614 817 3690 quaudo
834 3617 931 3695 prima
944 3617 1014 3680 dies
1028 3622 1222 3687 hebdomada

137 3695 321 3774 incipiebat,
340 3694 392 3754 die
409 3694 562 3756 dominica
579 3715 690 3776 nempe
707 3699 745 3759 ad
765 3709 864 3760 ortum
881 3702 970 3773 solis,
990 3707 1044 3766 vel
1057 3709 1222 3772 noctesah

137 3780 263 3842 bathum
282 3788 430 3862 sequente
451 3782 489 3841 ad
512 3784 585 3844 solis
602 3792 716 3856 ortum,
738 3788 814 3846 uenit
829 3789 932 3847 Maria
944 3793 1150 3870 Moydolcno,
1169 3801 1220 3856 ete.

137 3866 287 3944 Equihus
308 3875 408 3946 patet,
432 3883 537 3928 omnes
555 3870 765 3948 Evangelistas
779 3871 817 3932 de
832 3879 970 3952 tempore
992 3878 1220 3943 resurrectionis

139 3950 254 4014 Christi
268 3955 444 4015 convenire.

175 4040 247 4095 tot.
263 4037 292 4098 l⁰
304 4041 464 4103 Matthaeus
473 4042 520 4113 28,
533 4042 560 4115 5,
575 4062 667 4105 unum
679 4045 834 4109 dumtaxat
846 4050 989 4131 angelum
998 4056 1220 4120 commemorat
