2716 4838
403 480 592 531 aieuouuu
607 481 811 531 sscuonuu.
1101 483 1148 564 aas

10 569 101 633 sit
123 569 324 650 conscriptus.
344 570 524 649 Huiusmodi
544 573 674 636 ridicula
693 576 865 636 Deistarrrm
886 574 997 655 eiiugb
1015 577 1147 655 probant

16 676 156 737 quam
164 657 276 719 malam
287 674 407 719 causam
418 658 586 742 defendant
595 659 692 738 (coni.
704 678 736 721 n.
749 661 822 729 lai.
834 660 905 733 oio,
917 662 985 733 tas,
997 662 1063 732 ibi,
1076 665 1145 729 iii.

18 742 231 906 '⁸532'de
243 826 409 888 authentice
414 827 575 889 Librorum
582 811 1145 911 sacrorumnovi'roededsoffioitquod

35 914 152 996 pauci
162 921 196 975 et
205 912 328 974 obscuri
337 912 476 974 haeretici
491 914 608 990 aliquos
619 913 742 975 illorum
750 915 933 994 rejecerint?
943 916 1147 981 conformiter

45 1017 122 1062 euae
132 998 284 1061 doctrinar
296 997 451 1060 debebant
465 1008 516 1060 aut
527 999 596 1062 illos
605 1000 751 1080 rejicere,
764 1008 815 1060 aut
826 1018 859 1063 se
867 1001 1028 1064 haereticos
1037 1022 1072 1067 ac
1083 1007 1147 1069 vic-

48 1096 105 1150 tos
115 1087 221 1148 lateri.
233 1083 400 1149 Commune
416 1086 474 1147 fuit
492 1087 624 1165 antiquis
639 1087 950 1168 pseudodoctoribus,
964 1091 1145 1157 observante

52 1173 268 1250 Hieronymo,
283 1191 299 1228 u
312 1179 345 1231 ut
354 1171 503 1250 quidquid
513 1173 697 1233 contrarium
710 1190 765 1235 suo
779 1173 915 1254 dogmati
926 1174 1081 1249 viderant,
1094 1178 1146 1239 vel

58 1279 75 1316 u
91 1259 275 1331 eraderent,
285 1258 336 1319 vel
346 1258 439 1318 etiam
450 1258 570 1338 integre
582 1257 819 1339 repudiarent.»

103 1395 121 1464 5
134 1395 312 1448 (issiu-libri
321 1395 385 1445 sacri
394 1395 454 1444 nori
464 1395 574 1445 rodeis
583 1395 664 1459 quoad
673 1397 844 1447 sonandam
854 1397 991 1461 incorrupti
1001 1401 1098 1451 extant.

95 1517 171 1572 8⁰⁷.
188 1514 212 1573 l.
226 1511 352 1574 eonem
363 1511 442 1572 ider
454 1515 1144 1590 consensaversionumhorumlibronnn3nam

66 1602 161 1663 versio
169 1598 290 1679 syriaca
298 1604 331 1658 et
343 1597 454 1670 italica,
460 1599 566 1679 primis
574 1600 720 1661 Ecclesiae
728 1601 916 1681 temporibus
927 1602 1029 1675 iacta3
1042 1607 1143 1666 versio

65 1686 201 1754 urbica,
214 1681 394 1760 aethiopica,
408 1684 559 1763 copbtiea,
571 1685 758 1757 armeniaca,
769 1686 905 1764 persica,
914 1686 1144 1765 hieronymiana

66 1782 94 1834 et
104 1770 229 1852 gothica
240 1769 340 1848 quoad
351 1769 560 1830 substantialia
573 1771 696 1830 omnino
705 1772 901 1831 conveniunt.

97 1860 169 1917 buit.
190 1858 230 1916 ll.
251 1854 382 1919 Codices
405 1855 606 1932 antiquissimi
627 1872 645 1917 a
670 1856 787 1926 Millio,
808 1854 1091 1928 Vetstein,iii1ster
1113 1868 1145 1921 et

64 1942 269 2007 aliismaximo
278 1940 383 2001 labore
393 1940 574 2017 conquisiti,
584 1940 720 2019 apprime
730 1958 799 2001 cum
811 1940 943 2018 antiquis
954 1942 1145 2007 versionibus

63 2049 95 2094 ae
104 2029 315 2108 emvuigata
328 2025 426 2105 quoad
438 2027 648 2087 substantialia
665 2027 861 2089 concordant.
874 2027 989 2088 Millius
1002 2030 1144 2106 equidem

63 2120 93 2178 in
103 2117 236 2178 maximo
250 2113 389 2174 codicum
405 2129 531 2173 numero
547 2111 652 2183 50,οω
667 2111 850 2173 variantium
865 2113 1031 2174 lectionum
1048 2116 1144 2178 adno-

62 2204 158 2274 iavit3
172 2209 203 2263 at
213 2200 262 2261 bae
274 2200 427 2261 variantes
438 2199 589 2260 lectiones
601 2198 809 2278 integritatem
819 2199 980 2259 Librorum
992 2218 1144 2264 sacrorum

60 2289 137 2350 novi
145 2284 482 2354 Fmderiseonfirmant,
493 2301 561 2345 cum
572 2283 865 2346 omnesreducautur
871 2284 909 2345 ad
915 2303 1033 2347 errores
1042 2303 1143 2366 gram-

58 2375 198 2447 matice,
207 2369 446 2452 orthographiae,
458 2379 491 2433 et
501 2372 700 2433 mutationem
711 2388 958 2451 synonymorum.

93 2461 171 2518 itm·
184 2461 236 2519 lli.
256 2461 477 2538 Argumentum
492 2456 600 2518 bonno
615 2457 779 2529 librorum,
796 2464 887 2537 prout
906 2457 999 2519 bodie
1016 2466 1140 2535 extant,

60 2546 213 2629 reperitur
224 2546 256 2605 in
269 2542 489 2622 multiplicibus
501 2543 645 2622 operibus
656 2543 822 2620 primorum
840 2545 962 2603 Patrium
973 2544 1117 2606 Ecclesiae
1131 2567 1140 2618 3

61 2635 117 2696 iste
126 2639 230 2693 autem
242 2645 406 2690 consensus
416 2642 544 2704 operum
556 2628 678 2685 Parnm
686 2643 755 2686 cum
768 2625 869 2685 Libris
881 2627 975 2687 sacris
988 2629 1062 2689 novi
1072 2631 1142 2691 Foe·
1158 2677 1162 2685 .

59 2717 141 2781 deria
156 2733 264 2778 eorum
277 2710 536 2788 incorruptionem
548 2706 647 2786 quoad
659 2708 866 2769 substantialia
875 2709 995 2786 probat.

91 2803 169 2861 itio.
186 2802 240 2860 lv.
258 2797 300 2856 lli
314 2794 387 2854 libri
403 2809 567 2869 numquam
582 2790 681 2870 quoad
695 2792 905 2852 substantialia
918 2794 1071 2873 corrumpi
1086 2813 1143 2874 po-

60 2894 199 2955 tnerunt,
214 2884 244 2943 l⁰
256 2882 297 2942 ob
315 2879 547 2959 Apostolorum,
569 2895 734 2956 eorumque
752 2877 918 2956 primorum
937 2895 1144 2943 successorum

59 2972 265 3059 vigilantiam
281 2966 313 3028 2⁰
330 2967 371 3027 ob
387 2965 616 3026 venerationem
633 2981 692 3042 qua
707 2962 814 3024 iideles
831 2980 883 3024 eos
900 2980 1021 3043 semper
1036 2983 1143 3045 prose-

57 3061 121 3125 cuti
132 3065 214 3123 sunt.
229 3058 303 3117 llaec
317 3052 476 3116 veneratio
490 3057 573 3111 tanta
591 3050 662 3123 fuit,
683 3058 717 3111 ut
737 3049 844 3130 primis
859 3050 1005 3111 Ecclesiae
1023 3054 1142 3116 saeculis

57 3144 182 3229 plunimi
196 3142 305 3203 fideles
320 3138 484 3199 maluerint
503 3136 680 3216 martyrium
696 3136 819 3207 subire,
842 3152 931 3213 quam
941 3134 1033 3197 hosce
1047 3139 1142 3202 libros

58 3230 234 3295 Gentilibus
247 3223 470 3288 comburendos
486 3223 618 3283 tradere.
638 3222 748 3283 Versio
762 3220 943 3300 Hieronymi
962 3219 1016 3280 diu
1034 3223 1066 3282 in
1083 3225 1143 3284 Ec-

58 3314 155 3379 clesia
167 3319 291 3392 recepta
302 3309 448 3379 nonfuit,
467 3307 610 3387 eoquod,
624 3314 702 3368 teste
719 3305 905 3383 Augustino,
918 3306 951 3365 in
962 3306 1142 3384 qmbusdam

59 3400 246 3465 verbotenus
258 3397 297 3457 ab
313 3396 436 3474 antiqira
447 3395 589 3456 versione
607 3393 679 3454 itala
692 3392 902 3455 dissentiebat.
920 3393 1015 3454 lmmo
1027 3411 1096 3454 cum
1108 3395 1141 3457 in

58 3486 191 3571 qudam
204 3484 335 3548 eeclesia
351 3481 483 3544 africana
497 3481 505 3504 ¹
519 3481 551 3542 in
570 3479 734 3560 Pnophetia
749 3483 839 3540 lonae
856 3495 893 3538 ex
910 3481 1051 3541 versione
1069 3481 1143 3542 iiie-

59 3574 181 3659 mymi
190 3573 345 3651 legeretur
359 3567 465 3628 bedae
475 3568 543 3627 loco
557 3567 722 3636 cucurbitus,
732 3568 801 3645 qu'ae
814 3565 920 3625 ultima
929 3583 989 3626 vor
1002 3567 1034 3626 in
1044 3567 1140 3645 priori

58 3656 203 3723 rarione
209 3663 285 3725 erat,
292 3654 420 3734 populus
428 3653 580 3714 concitato
589 3652 721 3712 tumultu
733 3651 909 3731 episcopum
918 3652 1021 3731 coegit
1033 3650 1071 3711 ad
1080 3651 1142 3730 pri·

57 3742 320 3808 muersiouem
328 3737 550 3801 resumendam.
559 3735 648 3799 Celso
659 3744 690 3797 et
699 3735 879 3815 Porphyrio,
892 3735 1081 3798 Christianos
1089 3735 1142 3797 ad·

58 3828 234 3895 sumtibus
240 3825 320 3905 quod
328 3842 399 3887 suos
405 3824 514 3884 Libros
521 3824 833 3892 sacrosimmutarent,
842 3820 1141 3899 Origenesaudacter

56 3913 219 3999 respondit
227 3909 453 3974 catholicorum
463 3907 584 3970 codices
595 3908 709 3986 ubique
721 3922 787 3966 esse
796 3905 872 3966 tales
886 3905 991 3982 quales
1002 3906 1040 3965 ab
1050 3906 1139 3968 initio

57 4000 194 4071 iuuant,
204 3998 273 4058 illos
283 3994 497 4057 baereticorum
508 3992 736 4056 dumtaxuesse
745 3991 897 4060 divorsum
906 3989 1043 4068 baeretici
1052 4009 1138 4063 vero,

87 4104 317 4168 annuamus.
328 4105 355 4151 u
369 4102 396 4151 ot
409 4101 449 4175 oa,
