2708 4846
479 453 667 505 tilletoutllt
685 454 879 503 elcuoeule
1172 455 1217 502 2⁶5

141 566 166 608 o,
181 547 231 615 il,
250 546 338 607 illum
354 552 444 608 vocat
460 563 582 607 unum«
600 563 639 607 ex
653 547 792 608 mammis
809 546 981 628 prophetis,
994 547 1047 625 qui
1064 564 1134 608 cum
1151 550 1216 610 Deo

142 658 156 690 e
167 634 287 694 locutus
300 640 362 703 est,
380 640 413 693 et
431 633 484 710 qui
503 650 565 693 non
584 632 738 694 dumtaxat
753 650 804 694 res
819 635 933 695 lutmes
943 632 1100 712 praedixit,
1114 638 1148 694 ut
1163 634 1217 696 alii

140 718 348 799 amplectae,
361 717 522 779 sedetiam
532 724 651 800 tempus
660 735 764 780 earum
773 725 902 781 erentes
910 718 1126 781 determinavit
1130 738 1139 792 ;
1154 740 1214 779 »-

139 823 178 865 ex
190 804 342 866 Melitene
355 803 458 874 sard..
471 804 624 883 Origene,
639 812 697 866 eto.
715 837 747 850 -
761 804 934 866 Alexandro
946 821 1057 885 magno
1071 805 1215 871 Hieroso-

137 892 227 970 iymis
243 906 319 951 vero
336 890 401 949 Deo
413 887 608 962 sacrificanti,
621 897 729 968 quarto
741 897 813 951 ante
831 887 986 953 Christum
1000 890 1126 962 seculo.
1143 909 1218 974 pro·

137 978 243 1058 plaetia
255 974 393 1039 Danielis
402 975 485 1037 hunc
497 992 602 1054 regem
621 977 788 1055 respiciens
799 976 902 1039 oblata
912 977 985 1049 lusit,
998 986 1034 1039 ut
1049 995 1088 1040 ea
1100 979 1146 1041 l'l.
1159 982 1209 1040 lo

135 1063 233 1144 sepho
243 1063 351 1140 Antiq.
362 1062 386 1122 l.
397 1063 449 1133 ll,
462 1078 490 1122 c.
503 1061 524 1122 8
535 1069 664 1125 constat.

172 1151 291 1212 amtor
300 1164 374 1211 uero
384 1146 590 1210 Ecclesiastici
601 1147 646 1222 (c.
655 1148 724 1227 ti),
736 1146 925 1213 solummodo
934 1155 1075 1213 recenset
1082 1150 1215 1230 Prophe·

136 1244 197 1307 tas,
210 1235 265 1314 qui
277 1234 318 1295 de
329 1233 507 1313 captivitate
524 1232 707 1314 babylonica
721 1234 878 1297 vaticinati
894 1234 1028 1307 itterant3
1045 1252 1138 1313 quere
1153 1237 1216 1299 ibi·

135 1320 209 1381 dem
219 1336 283 1381 non
294 1318 391 1380 solum
400 1319 576 1391 Danielem,
588 1319 748 1382 sedetiam
759 1321 867 1382 isaiam
883 1320 1008 1383 omittit.

172 1407 248 1464 m.
258 1405 421 1476 aniame,
431 1406 464 1467 in
474 1407 611 1469 Danielis
619 1406 958 1487 prophetiisoccurrerc
965 1407 1215 1473 eumdemrerum

135 1501 345 1576 prospectum,
367 1493 490 1555 easdem
508 1496 733 1574 expressiones,
758 1494 941 1572 easdemque
967 1496 1122 1569 formulas,
1145 1514 1215 1576 que

133 1582 332 1663 reperiuntur
347 1580 380 1640 in
398 1582 412 1640 1
433 1588 465 1640 et
479 1583 507 1641 il
518 1581 778 1652 machabeorum
790 1581 904 1643 librum
919 1581 1050 1663 proinde
1076 1583 1216 1649 Danielis

135 1667 773 1830 uffiaefflnffiffiggaesffiffi,
786 1759 925 1815 auctores
935 1752 1084 1815 librormu
1093 1754 1215 1817 Mache

135 1842 273 1901 baeom
285 1838 423 1900 Danielis
442 1839 556 1900 librenn
573 1837 697 1916 legisse.
709 1838 864 1899 vaticinia
875 1838 1020 1899 ieremias
1031 1845 1075 1913 (c.
1087 1840 1156 1916 iil),
1174 1842 1215 1905 do

134 1926 280 1988 Moabitis
291 1923 392 1986 affinia
403 1931 473 1985 sunt
484 1921 654 2004 prophetiis
666 1924 752 1984 isaiae
765 1923 809 1999 (e.
824 1923 861 1984 id
872 1930 905 1983 et
915 1940 943 1984 c.
958 1922 1026 1999 lli),
1040 1940 1079 1986 ex
1089 1926 1149 1988 huc
1160 1943 1215 1989 au-

133 2023 198 2074 tcm
211 2028 304 2073 nemo
319 2009 498 2081 concludet,
514 2007 692 2090 prophetias
705 2008 849 2070 Jsramia
864 2015 897 2069 et
915 2009 1001 2071 isaiae
1014 2009 1124 2073 eodem
1136 2019 1214 2075 tem-

134 2116 210 2179 pore
223 2114 291 2160 csse
299 2097 435 2175 scriptas.

170 2186 246 2242 ate.
262 2182 294 2244 d·
312 2183 461 2261 linguam
480 2180 656 2242 hebraicam
676 2186 708 2242 et
727 2179 932 2251 chaldaicam,
951 2182 1158 2261 pretendunt,
1180 2188 1213 2248 in

132 2272 217 2332 libro
225 2269 363 2332 Danielis
374 2274 534 2348 tantopere
546 2268 684 2336 variare,
701 2273 735 2327 ut
755 2265 869 2328 diversi
885 2273 1024 2329 auctores
1035 2267 1109 2331 iude
1124 2271 1212 2333 eolli-

134 2373 235 2503 ganSed
253 2440 321 2501 iaec
339 2437 472 2501 adsertio
484 2446 560 2500 esta
572 2439 702 2500 veritate
714 2439 898 2500 alienissima
903 2457 912 2510 ;
925 2455 997 2501 uam
1007 2439 1112 2520 lingua
1130 2447 1213 2525 capi-

133 2538 200 2590 tum
209 2524 423 2589 hebraicorum
432 2523 546 2602 ubique
560 2523 1213 2609 esteadem,utietlingtmelmldaicacap1.

134 2624 200 2677 tum
209 2612 368 2679 chaldaice
379 2610 569 2692 scriptoram.
582 2610 616 2669 Si
631 2610 724 2670 etiam
739 2610 841 2687 aliqua
856 2609 969 2686 ungara
988 2608 1148 2674 diversitos
1159 2631 1213 2679 oc-

134 2705 288 2770 curreret,
301 2696 356 2759 illa
368 2695 534 2777 provenire
549 2698 653 2773 posset
669 2710 688 2753 a
704 2692 883 2754 diversitate
901 2693 1211 2770 circumstantiarum,

136 2788 250 2858 emtis,
260 2792 339 2856 cte„
351 2784 387 2845 iu
398 2800 458 2862 qua
471 2779 581 2843 Daniel
592 2779 722 2860 scripsit.
735 2779 868 2839 Unicmu
879 2777 973 2838 totius
991 2777 1065 2839 libri
1076 2781 1213 2845 Danielis

136 2878 291 2935 anderen
299 2874 432 2943 esae,sat
443 2867 556 2945 liquet,
566 2865 769 2944 quodmique
784 2863 891 2925 eadem
898 2869 946 2924 est
956 2863 1113 2926 scribendi
1120 2869 1210 2940 ratio,

136 2968 169 3023 et
178 2956 260 3039 quod
268 2974 320 3020 res
331 2955 482 3039 posterius
493 2953 598 3015 relatae
609 2951 647 3014 ad
657 2969 706 3013 res
715 2949 924 3032 praecedentes
934 2949 1100 3014 collimant.

171 3046 243 3107 50·
253 3044 287 3107 i·
297 3042 475 3114 Danielem,
487 3040 643 3119 inquimrt,
660 3038 720 3099 sibi
740 3038 923 3098 tribulanum
937 3054 1000 3097 uon
1017 3037 1110 3099 fuisse
1122 3057 1210 3104 enco

136 3136 198 3196 mia
212 3132 257 3213 (o.
275 3133 310 3205 l,
326 3130 417 3193 illc.
435 3131 470 3201 t,
486 3128 534 3188 ill.
551 3144 580 3188 c.
602 3124 636 3197 6,
657 3122 895 3196 il.c.e,e.c.
918 3121 953 3195 9,
973 3122 1021 3184 25.
1044 3140 1073 3185 c.
1088 3125 1140 3196 lo,
1159 3129 1212 3206 il)

147 3238 227 3369 effi
240 3305 269 3368 si
281 3303 342 3365 lroc
358 3305 568 3382 argumentum
577 3297 705 3367 valeret,
718 3293 823 3356 multis
832 3292 1004 3356 auctoribus
1014 3293 1148 3375 prolenis
1158 3314 1212 3361 sara

136 3410 228 3479 opoea
236 3388 443 3471 abjudicanda
453 3393 569 3458 essem,
580 3386 615 3447 ln
625 3384 872 3464 quibusrelertur
879 3381 1014 3462 qudaiii
1024 3381 1063 3444 de
1072 3382 1211 3446 illissen-

136 3480 229 3543 wint
239 3484 275 3541 et
284 3474 431 3539 dixerint.

167 3563 282 3631 Daniel
291 3561 369 3623 locis
379 3559 479 3621 citatis
495 3556 676 3639 simpliciter
687 3560 789 3617 narrat
798 3553 898 3634 qualis
910 3553 992 3615 viem
1005 3553 1097 3615 fuerit
1107 3553 1211 3615 Nabu-

135 3647 354 3718 eiodonosorh
368 3643 442 3725 quid
458 3644 517 3704 iste
531 3661 600 3713 rex,
618 3640 739 3720 regina,
756 3641 865 3702 Darius
874 3637 999 3712 ldedue,
1012 3646 1086 3711 etc,
1100 3638 1140 3700 de
1155 3639 1211 3699 illo

135 3739 303 3809 meiat,
315 3741 348 3796 et
359 3730 511 3813 mnodo
523 3730 648 3809 angelus
656 3728 743 3790 illum
754 3726 971 3809 adpellaverit,
983 3725 1051 3788 haee
1062 3742 1137 3787 vero
1147 3733 1211 3789 Dm

135 3832 216 3891 m
231 3821 382 3902 colligata
398 3824 468 3882 suut
485 3815 577 3878 rebus
597 3815 678 3889 aliis,
697 3829 771 3894 quas
788 3819 944 3885 recenset,
957 3819 992 3874 ut
1003 3812 1057 3874 illa
1069 3812 1215 3876 omittere

134 3898 1001 3997 updvthonlAEzeon.c.lt,lt‚ie,maestes.

1219 4340 1334 4564 ι
