2708 4846
461 496 650 547 ttanotttttt
668 494 873 549 secabatur.
1165 498 1211 549 Μ

306 628 347 677 nn
362 626 503 677 mussona
517 628 547 677 n.
562 626 652 677 naun
667 626 811 676 anosaou
825 626 869 675 an
882 628 1030 679 nouenos.
1143 610 1147 619 '

188 734 206 803 g
217 738 340 787 excuti.
350 760 382 775 -
391 737 470 787 baem
478 735 636 799 scriptionis,
646 738 707 789 atae
715 738 744 789 et
751 736 836 799 lingua
845 738 961 801 sponte
968 738 1002 789 ed
1010 738 1140 791 Romus.

158 867 230 921 448.
243 862 364 943 Scripta
375 860 505 923 iuithmc
512 862 658 943 Epistola,
671 860 807 924 dictante
816 862 848 924 S.
861 862 966 941 Panlo,
979 864 1019 927 ab
1034 867 1208 927 amanuensi

122 952 227 1015 Tertio
241 952 288 1029 (c.
303 950 355 1023 la,
367 950 422 1027 21)
435 948 590 1019 Corinthi,
604 948 730 1012 Achaiae
739 950 920 1031 metropoli,
934 953 1100 1015 etltomam
1110 952 1210 1015 delata

122 1043 248 1119 apparet
260 1051 317 1115 per
327 1033 467 1097 Phoeben
483 1032 684 1097 ‹liaconissam
701 1052 756 1097 sen
773 1034 942 1099 ministram
962 1036 1108 1099 Ecclesiae
1128 1039 1207 1102 Cen·

123 1120 289 1185 chreensis.
302 1120 396 1181 Erant
407 1118 558 1182 Cenchrae
570 1126 675 1201 portus
688 1120 772 1180 urbis
784 1118 926 1185 Corinthi
938 1120 983 1199 (c.
994 1120 1045 1194 to.
1059 1120 1136 1200 l-a).
1148 1123 1211 1186 Co-

124 1206 258 1271 rinthum
275 1222 342 1269 esse
354 1204 456 1267 iocum
475 1204 650 1284 scriptionis
660 1203 752 1284 hujus
767 1204 927 1287 Epistulae,
945 1213 1030 1289 patet
1049 1215 1112 1269 tum
1129 1211 1211 1287 quod

123 1292 252 1375 epistola
269 1309 326 1371 per
342 1290 481 1353 Pboeben
496 1290 688 1353 Corinthiam
704 1291 796 1355 missa
807 1291 951 1373 adparet,
962 1300 1027 1353 tum
1039 1294 1120 1374 qnod
1134 1292 1212 1357 Pau-

122 1378 168 1443 lus
178 1380 220 1457 (c.
237 1378 289 1449 16,
302 1376 461 1455 951011ῑί1
473 1375 687 1439 salutationem
698 1378 745 1440 sni
760 1376 888 1457 hospitis
897 1378 980 1451 Caii,
999 1380 1053 1459 qni
1070 1380 1210 1445 Corinthi

123 1462 281 1527 habitabat
301 1459 335 1540 (1
358 1460 429 1525 Cor.
452 1464 487 1533 l,
510 1462 577 1538 tt),
595 1468 660 1523 turn
679 1462 762 1543 quod
779 1462 961 1544 subscriptio
981 1480 1083 1547 graeca
1095 1465 1211 1537 haben

122 1566 218 1629 epm
230 1556 401 1625 00011φο10,
430 1548 549 1627 Scripta
573 1560 594 1606 tt
618 1546 767 1611 Corintho.
799 1548 931 1611 Videtur
957 1551 1085 1631 epistola
1103 1552 1211 1615 lsthaec

122 1638 236 1717 scripta
248 1650 328 1697 anno
341 1634 378 1697 tt
389 1632 439 1695 vol
453 1632 543 1693 initio
556 1632 628 1695 anni
641 1632 679 1693 as
692 1650 762 1695 aerac
772 1634 915 1713 uulgaris.

157 1722 309 1803 Linguam
321 1719 518 1801 originariam
534 1715 623 1797 hujus
640 1720 777 1801 epistolae
790 1734 857 1781 esse
872 1736 1004 1799 graecam
1021 1728 1054 1783 et
1064 1740 1127 1784 non
1140 1724 1211 1787 lati-

122 1823 194 1871 nam
204 1806 319 1885 liquet,
332 1811 397 1866 turn
410 1821 450 1865 ex
461 1820 613 1865 consensu
629 1804 766 1865 ominum
783 1804 847 1865 tere
866 1806 1086 1885 lntcrprctum,
1099 1814 1164 1869 tum
1174 1825 1212 1871 ex

122 1890 290 1973 machmis
302 1890 335 1952 in
347 1889 401 1951 illa
413 1887 657 1962 occurrentibus,
671 1896 735 1950 turn
748 1905 786 1948 ex
801 1888 914 1967 agendi
930 1890 1048 1951 ratione
1060 1892 1213 1971 lntcrpre-

123 1983 203 2050 trans,
214 1976 270 2057 qni
284 1977 317 2037 in
330 1975 431 2039 dubiis
444 1974 483 2035 de
496 1974 639 2035 versione
654 1972 792 2055 uulgata,
805 1992 875 2035 rnor
888 1972 928 2035 ad
945 1982 1061 2035 textum
1078 1992 1212 2056 maecum

123 2070 280 2145 tanquam
290 2058 329 2125 ad
340 2060 456 2123 iontem
468 2065 641 2121 recurrunt.

313 2190 438 2260 30110111.
450 2216 480 2228 -
489 2192 590 2241 Occasio
600 2192 713 2255 proxima
723 2191 838 2257 Epistola
848 2193 881 2243 ad
891 2195 1021 2245 lionrtnoa.

163 2316 237 2373 tta·
260 2312 463 2377 Oreasionem
485 2312 654 2393 proximam
669 2312 759 2392 huius
779 2314 939 2375 exarandus
956 2314 1101 2395 Epistola·
1119 2316 1211 2378 Panlo

124 2400 214 2465 dedit
223 2398 327 2483 grauis
339 2406 371 2459 et
378 2398 551 2479 perniciosa
563 2398 743 2479 disceptatio
755 2402 860 2463 lionam
870 2406 975 2461 exorta
984 2402 1066 2463 inter
1074 2404 1214 2465 Gentiles

124 2484 290 2567 bonvm
302 2484 465 2557 etJudaeos
485 2483 680 2559 christianos,
694 2492 823 2565 utraque
837 2493 922 2565 parto
934 2488 1158 2562 contendente,
1178 2508 1212 2553 se

125 2568 189 2653 pra'e
208 2572 307 2635 altera
325 2570 521 2633 uocationem
539 2570 578 2633 ad
596 2568 690 2631 tidem
709 2570 866 2631 meruisse.
891 2572 1030 2633 Gentiles
1056 2574 1212 2637 christiani

125 2656 288 2741 gloriosius
304 2654 484 2733 iactitabant
496 2672 617 2716 suornm
627 2652 879 2732 philosophorum
892 2654 1075 2727 doctrinam,
1086 2660 1213 2721 virtutes

126 2745 273 2815 morales,
285 2750 321 2805 ut
330 2741 532 2822 philosophiae
545 2747 661 2821 partus,
673 2739 862 2800 docilitatem
875 2739 907 2798 in
916 2743 1127 2819 amplectenda
1138 2744 1212 2811 fide,

126 2830 285 2895 levitatem
295 2844 417 2891 auormn
429 2830 639 2907 peecatorum,
652 2830 761 2903 utpote
777 2841 815 2883 ex
826 2824 998 2902 ignorantia
1011 2826 1111 2906 potius
1125 2846 1214 2905 quam

129 2930 169 2975 en
179 2908 295 2983 nrffltia
306 2912 488 2975 idololatriae
501 2910 740 2980 commissorum
752 2908 1058 2989 atquolrincJudaeos
1066 2919 1100 2973 ut
1112 2912 1215 2977 Chris

125 2982 517 3077 ticidha'adspsrnahantur.

163 3080 268 3141 Judaei
278 3079 420 3141 conversi
434 3084 568 3139 econtra
579 3073 825 3155 magnificentius
839 3074 1026 3135 extollebant
1035 3094 1215 3154 proavorum

128 3166 337 3237 sanctitatem,
346 3180 431 3226 snam
444 3164 477 3225 in
493 3163 638 3243 populum
651 3160 863 3241 praedilectum
875 3161 1074 3231 electionem,
1087 3167 1216 3240 promis-

128 3252 249 3315 sionem
259 3250 380 3313 htessiae
391 3266 454 3311 snae
466 3250 550 3331 genti
563 3248 688 3319 lacman,
701 3244 869 3307 custodiam
877 3246 1068 3325 eloquiorum
1076 3248 1133 3308 Dei
1143 3249 1216 3327 ipsis

130 3334 357 3407 concreditam,
377 3334 621 3397 observationem
632 3332 794 3411 legalium,
809 3340 887 3402 etc.;
902 3339 933 3392 et
945 3332 1017 3394 hine
1030 3333 1169 3397 Gentiles
1183 3343 1216 3394 ut

130 3422 311 3485 idololatras
322 3419 545 3501 despiciebant

350 3553 421 3623 scal.
431 3580 462 3593 -
472 3532 650 3619 &minantum
661 3556 690 3605 et
697 3568 787 3619 asopus
796 3556 871 3617 buius
877 3556 1004 3625 mnata.
1121 3518 1127 3527 Ι

168 3680 246 3739 rso.
257 3676 367 3741 Paulus
377 3676 471 3756 igitur
482 3677 515 3737 in
524 3676 584 3737 hac
595 3676 731 3756 Epistola
739 3684 878 3739 versatur
890 3678 922 3737 in
934 3694 986 3747 eo,
1001 3683 1077 3739 utet
1088 3678 1218 3738 Gentili-

128 3764 190 3845 bds
205 3772 241 3827 et
259 3762 378 3825 ludaeis
399 3762 554 3825 conversis
572 3762 769 3841 supercilium
781 3761 957 3843 deprimat3·
970 3763 1044 3844 ipsis
1066 3762 1215 3831 ostendit,

129 3850 328 3915 nationem
339 3846 378 3909 ad
389 3844 496 3915 tinem,
505 3862 560 3908 sen
570 3849 698 3926 gratiam
706 3846 835 3917 Christi,
845 3864 906 3909 non
917 3846 1139 3908 attribuendam
1152 3866 1217 3909 esso

123 3925 381 4025 'fineedentibus
393 3932 526 4003 meritis,
539 3932 591 3993 vel
603 3933 747 4013 operibus
757 3932 837 4010 legis
847 3934 992 3993 naturalis
1004 3940 1055 3994 aut
1066 3936 1216 4001 mosaica,

126 4020 188 4085 sed
207 4018 320 4101 gratiae
340 4017 619 4095 misericordiaeque
633 4020 701 4079 bot.
715 4017 855 4079 Gentiles
868 4018 970 4097 itaqtm
993 4026 1024 4079 et
1044 4020 1168 4081 Jrnlaans
1187 4023 1218 4081 in

132 4106 260 4191 negotio
272 4104 379 4167 salutis
399 4102 544 4183 adaequat.
558 4104 696 4167 Tandem
710 4110 866 4183 postquam
884 4105 1048 4185 Apostolus
1060 4106 1099 4237 pp
1116 4110 1219 4184 pauci-
