2708 4846
488 491 886 561 btunoltultsAcnoltult.
1180 498 1228 549 {lb
1282 459 1287 471 ·

144 586 251 667 fugam
266 584 384 665 peccati
398 581 630 656 exhortationes,
641 601 794 647 naevorum
804 601 998 665 errorumque
1006 587 1121 665 lloysis
1128 586 1229 651 fidelis

144 673 314 752 expositio,
341 672 537 750 congruentia
562 671 769 734 characterum
791 690 986 753 personarum
1010 692 1080 734 cum
1101 675 1229 755 singulis

143 762 250 831 iactis,
265 760 399 820 brevitas
416 758 624 830 historiarum,
640 761 808 840 presertim
821 763 1110 839 antiquissimarum,
1124 767 1227 827 omnia

145 847 242 909 dubia
259 853 376 906 remota
394 844 485 905 fauisse
503 845 662 916 evincens,
678 854 739 905 tam
761 848 935 908 evidentem
952 846 1026 908 dant
1040 850 1227 915 sinceritatis

144 926 428 1013 praeumptionem,
443 936 476 989 ut
489 931 587 992 nullus
599 932 759 1011 impostor,
769 939 837 995 utut
849 938 976 1004 astutus,
991 951 1021 993 v.
1032 950 1077 1013 gr.
1088 935 1227 998 muhan-

147 1018 266 1090 medes‚
282 1018 337 1077 illa
351 1032 480 1095 unquam
496 1017 606 1077 imitari
619 1019 765 1096 potuerit.

185 1106 236 1165 lii.
246 1107 369 1182 Moyses
378 1104 469 1162 irnmo
477 1102 599 1164 Judaeos
608 1121 647 1164 nc
655 1104 778 1182 quidem
789 1103 931 1184 decipere
941 1104 1098 1184 potuisset,
1106 1110 1225 1173 etiamsi

147 1191 309 1252 voluisset:
324 1187 477 1249 nonenim
488 1189 521 1247 in
534 1187 620 1249 lactis
634 1190 805 1260 Geneseos,
817 1206 887 1248 nam
902 1190 1003 1252 Judaei
1020 1193 1073 1252 illa
1087 1210 1173 1272 eaque
1188 1212 1225 1259 ac

146 1279 267 1357 Moyses
282 1291 320 1334 ex
335 1273 522 1334 documentis
539 1274 685 1351 antiquis,
697 1282 747 1335 aut
759 1293 797 1335 ex
807 1274 970 1336 traditione
985 1279 1222 1357 cognoscebant;

144 1379 203 1425 uec
232 1360 265 1421 in
285 1358 372 1420 iactis
382 1364 509 1435 quatuor
521 1358 647 1418 aliorum
657 1360 819 1430 librorum3
838 1378 908 1421 nam
918 1360 1019 1422 Judaei
1033 1380 1070 1424 ea
1083 1364 1224 1428 viderant

144 1456 177 1510 et
187 1445 358 1517 audierant,
369 1449 420 1504 aut
433 1460 452 1503 a
463 1444 524 1504 suis
535 1445 711 1522 parentibus
720 1446 942 1506 intellexerant.
952 1447 1019 1509 Nisi
1031 1465 1105 1529 crgo
1116 1450 1222 1514 dicere

142 1534 290 1604 velimus,
302 1534 429 1611 ldoysen
446 1531 590 1593 lsraiilitis
601 1534 799 1612 persuasisse,
815 1550 848 1594 se
862 1534 1018 1612 scireque
1029 1538 1221 1612 nesciebant,

143 1621 301 1685 sevidime
311 1626 344 1680 et
351 1618 511 1691 audivisse,
523 1637 590 1697 quae
600 1636 658 1680 nec
668 1620 808 1681 viderant
820 1636 877 1681 nec
888 1621 1055 1693 audierant,
1066 1641 1099 1685 se
1110 1643 1150 1696 ,v.
1161 1642 1220 1704 gn,

142 1710 228 1771 blare
241 1708 380 1769 Rubrum
397 1706 485 1768 siccis
497 1707 627 1786 pedibus
639 1707 807 1785 traiecisse,
821 1723 855 1767 se
864 1705 902 1766 lt)
915 1708 1002 1769 annis
1015 1725 1123 1769 manna
1132 1713 1222 1773 mira-

145 1798 246 1860 culoso
259 1798 293 1858 in
305 1794 425 1855 deserto
442 1794 533 1855 tuisse
549 1795 693 1863 nutritos,
705 1801 763 1853 etc.
776 1801 852 1863 ete,
868 1793 940 1852 dvrm
953 1797 1077 1856 Hebraei
1093 1798 1169 1858 nihil
1182 1800 1220 1861 de

144 1884 192 1945 bis
212 1883 345 1954 scirent,
359 1878 519 1958 :latendmn
538 1886 584 1940 est
599 1881 725 1957 Moysen
745 1878 867 1939 Judaeos
879 1896 923 1954 ,ne
942 1880 1085 1957 decipere
1098 1884 1220 1959 quidem

143 1988 252 2114 pom·
262 2047 628 2126 veracitas'l'entateuchi
641 2049 847 2109 confirmatur:
860 2049 942 2127 quod
953 2050 985 2110 in
997 2051 1049 2111 illo
1060 2061 1220 2116 occmrunt

144 2142 323 2225 simplicitas
332 2138 384 2199 illa
392 2137 523 2214 antiqua,
535 2153 569 2196 ac
578 2135 685 2214 prisea
693 2134 828 2195 formulae
840 2138 1002 2215 loquendi,
1018 2141 1139 2219 etquod
1151 2161 1219 2220 quar

143 2230 175 2290 in
190 2228 245 2289 illo
256 2232 419 2288 nan-antur
434 2222 472 2283 de
486 2221 617 2300 simplici
635 2220 909 2298 antiquissimorum
925 2222 1081 2284 bominum
1093 2227 1218 2290 vivendi

143 2316 276 2385 ratione,
296 2308 516 2388 hospitalitate,
540 2306 704 2379 conviviis,
728 2305 897 2380 sacrificiis,
920 2307 1026 2370 officiis
1047 2309 1219 2374 domesticis

143 2402 315 2469 modenam,
331 2394 542 2465 monmnentiS,
558 2393 842 2472 AEgyptiis,hor1un
854 2394 987 2467 divitiis,
1003 2404 1075 2469 ete,
1087 2416 1105 2459 a
1117 2407 1217 2462 vetus-

143 2487 268 2549 damis
281 2480 435 2543 historicis
452 2479 599 2558 profanis,
616 2486 649 2538 ut
663 2479 702 2538 ab
719 2479 867 2552 Hesiodo,
884 2482 1055 2556 Herodoto,
1070 2486 1216 2559 Homero,

143 2572 276 2633 Diodoro
286 2566 401 2636 siculo,
414 2570 473 2624 etc.
486 2563 592 2624 eodem
609 2564 698 2623 modo
712 2565 882 2624 relenmtur
899 2565 920 2624 ¹.

177 2658 253 2717 llo.
266 2652 425 2713 voracitas
439 2648 651 2721 Pentateuchi‚
671 2649 857 2728 potissimum
876 2657 1003 2726 quatuor
1019 2654 1218 2729 posteriorum

144 2742 309 2813 librom,
322 2734 514 2800 confirmatur
524 2734 727 2795 monumentis
737 2734 868 2811 publicis
880 2743 911 2795 et
927 2735 1011 2796 lestis
1023 2736 1216 2800 Judaeorum:

145 2822 476 2897 conservabantludaei
486 2821 601 2881 tabulas
609 2820 687 2899 legis
698 2821 730 2879 in
742 2836 826 2892 arca,
836 2837 904 2898 quae
915 2838 965 2882 res
978 2821 1012 2882 in
1021 2830 1125 2884 monte
1135 2826 1219 2887 Sinai

145 2910 445 2997 gestasexbibcbant.
451 2908 546 2986 Virga
556 2907 684 2967 heronis
694 2905 774 2967 foliis
783 2907 904 2980 vestita,
913 2914 944 2967 ct
951 2924 1060 2969 manna
1070 2910 1103 2970 in
1112 2911 1218 2973 eadem

145 3018 215 3065 arca
225 2998 476 3067 adservabantur,
489 2995 521 3054 in
537 2993 740 3054 testimonium
753 2991 920 3054 confirmati
932 2996 1047 3056 Aaroni
1059 3012 1078 3056 a
1092 2998 1157 3059 Deo
1169 3016 1219 3061 sa-

148 3082 392 3157 cerdotli,etcibi
398 3078 569 3140 miraculosi
579 3079 610 3136 in
621 3078 751 3138 deserto.
760 3078 849 3138 Festa
859 3079 1020 3148 Paschatis,
1031 3082 1218 3145 Pentecostis

148 3178 182 3231 et
196 3167 483 3237 Tabernaculorum,
498 3163 747 3234 celebrabantur,
763 3161 802 3223 ad
818 3178 874 3242 per
884 3163 1014 3242 primun
1026 3161 1219 3228 eductionem

145 3274 185 3319 er
206 3256 358 3337 AEgypto,
380 3267 436 3331 per
458 3249 623 3312 secundum
647 3248 919 3329 promulgationem
944 3248 1111 3309 solemnem
1140 3251 1219 3331 legis

141 3344 301 3414 mosaice,
313 3347 345 3402 et
360 3355 417 3419 per
427 3337 550 3398 tertium
561 3353 675 3397 moram
687 3337 720 3397 in
735 3336 855 3397 deserto
867 3336 925 3397 sub
934 3335 1150 3408 tabernaculis,
1163 3355 1219 3399 seu

142 3426 301 3499 tenmriis,
312 3427 346 3486 in
357 3423 533 3485 memoriam
546 3422 740 3484 revocandas.
757 3422 836 3481 Num
850 3420 916 3482 haec
935 3430 1139 3493 monumenta,
1151 3422 1218 3485 baec

144 3512 317 3595 iestaapud
334 3509 458 3573 Judaeos
472 3510 660 3587 extitissentf,
681 3509 708 3570 si
722 3524 774 3581 ea,
792 3508 833 3570 ob
847 3525 915 3586 quae
927 3508 1047 3570 luerunt
1063 3509 1216 3581 instituta,

130 3599 270 3661 dirimant
281 3596 379 3659 falsa?

180 3682 356 3749 celebratio
365 3680 484 3758 septimi
495 3679 569 3747 diei,
581 3680 619 3739 ab
629 3679 767 3740 omnibus
776 3679 895 3759 populis
907 3679 1037 3757 antiquis
1046 3678 1216 3746 observata.

144 3764 366 3829 institutionem
378 3760 623 3822 Sabbatlrialleo
632 3761 716 3838 juxta
727 3762 860 3823 Genesin
872 3762 979 3823 iactam
991 3761 1030 3821 ob
1045 3778 1119 3840 opus
1130 3776 1217 3824 crea·

94 3902 109 3935 ·„
121 3846 237 3921 M
250 3849 383 3929 septimo
398 3845 451 3907 die
464 3846 647 3919 absolutum,
665 3847 805 3910 omnibus
821 3846 940 3928 populis
955 3861 1010 3925 per
1021 3844 1220 3935 traditionem

94 3934 247 4007 μὴ
256 3936 351 3998 luisse
366 3932 482 3994 evincit
492 3933 588 4010 (conl.
601 3950 632 3993 n.
646 3931 760 4008 mes).

173 4038 444 4169 mammet:
456 4044 585 4095 Existeaee
595 4043 627 4095 de
636 4043 742 4109 hiemet
750 4043 859 4096 mum
868 4057 875 4094 z
885 4042 1031 4097 Gescblcbta
1040 4044 1086 4098 der
1091 4046 1213 4115 Religion·
1285 4064 1290 4073 ·

148 4132 171 4169 ⁸
1071 4143 1095 4191 s.
