2716 4838
412 477 594 525 stelionum
614 478 810 527 saceobutt.
1104 482 1149 531 W

50 571 109 632 fit.
120 569 489 650 Evang.Simonianorum
497 589 505 642 ;
517 572 687 652 id.Evang.
697 573 1022 652 secundumSyros326.
1031 576 1149 656 Evaug.

49 656 232 718 secundun
241 655 418 728 Tatianum,
429 656 514 717 idem
523 675 593 718 cum
600 660 717 738 Evang.
730 661 965 733 Encratitarum3
976 661 1023 722 il.
1032 662 1146 743 Evang.

53 743 214 804 'l'baddaei
225 749 280 802 aut
289 743 321 803 S.
333 741 439 814 Jndae3
452 742 500 804 28.
509 744 625 823 Evang.
635 746 807 817 valentini3
817 747 865 808 29.
878 749 994 827 Evang.
1005 749 1087 809 vita
1097 756 1147 810 aut

50 829 121 891 Ilei
133 827 271 890 viventis
277 846 285 899 ;
300 826 346 889 50.
364 829 479 907 Evang.
501 829 533 889 S.
552 829 688 910 Philippi
694 850 703 901 ;
720 831 767 890 ol.
788 833 904 911 Evang.
925 834 957 894 S.
978 832 1147 906 Barnabae:

52 910 1146 998 32.Evang.S.Jacobillajoris355.Evang.Jndaelscariotis35l.Evang.

56 1000 219 1069 veritatis,
233 998 318 1060 idem
328 1016 398 1060 cum
408 1000 524 1077 Evang.
536 1000 695 1063 Valentini
702 1020 711 1074 ;
721 1001 770 1063 ab.
782 1004 950 1082 Evangelia
962 1003 1082 1075 Leucii,
1095 1005 1146 1066 Se-

57 1085 160 1156 leuci,
175 1086 305 1146 Luciani
318 1092 350 1146 et
360 1085 510 1163 Hesychii
525 1085 546 1146 ¹.

95 1172 189 1233 Ratio
212 1170 476 1250 multiplicationis
490 1170 600 1231 horum
617 1172 852 1252 Evangelionrm
868 1174 1023 1252 reperitm
1037 1177 1147 1256 partim

60 1257 206 1319 inabum
217 1257 349 1318 nominis
364 1257 539 1333 Evangelii,
553 1256 634 1335 quood
650 1276 719 1320 cum
738 1259 868 1320 faustum
887 1261 1027 1320 nuntium
1047 1278 1147 1340 graeco

61 1341 231 1423 significet,
248 1343 355 1422 primis
371 1342 489 1403 saeculis
504 1343 652 1403 Ecclesiae
674 1344 820 1404 tributum
836 1345 893 1406 luit
914 1363 976 1406 non
996 1346 1147 1409 dumtaxat

63 1428 238 1508 Evangeliis
249 1428 373 1508 proprie
384 1427 489 1497 dictis,
502 1427 559 1488 sed
570 1429 664 1487 etiam
673 1430 886 1490 omnibnsaliis
898 1430 986 1492 libris
994 1433 1068 1493 novi
1079 1434 1147 1495 an·

64 1510 161 1580 deris,
174 1509 312 1570 historiis
322 1512 399 1570 lesu
420 1517 453 1570 ot
479 1511 514 1570 Β.
531 1511 575 1571 Μ.
586 1511 644 1582 V.;
659 1511 752 1572 immo
765 1511 868 1572 datum
883 1513 1147 1593 luitprolessioni-

64 1595 118 1657 bus
128 1595 219 1666 lidei,
233 1595 441 1666 catechismis,
454 1595 603 1674 librisque
615 1595 796 1675 dogmaticis
812 1615 849 1660 ac
867 1599 1033 1660 moralibus
1046 1598 1146 1660 haere·

64 1681 211 1751 liborum
229 1680 342 1758 partim
353 1680 504 1758 reperitru
515 1682 548 1740 in
561 1682 757 1761 simplicitate
773 1682 988 1743 nonnullorum
1000 1683 1147 1746 Christia-

64 1765 1144 1847 nonam,conscribentiumqnaeadiscipuloalicuijpostoliandiormt,

64 1867 175 1930 moque
195 1850 278 1911 libro
297 1844 410 1910 nomen
426 1851 588 1930 Evangelii
604 1852 827 1932 praebentium,
847 1852 971 1911 tandem
984 1855 1096 1932 partim
1112 1855 1145 1915 in

64 1936 177 1999 malitia
188 1936 419 2006 hereticorum,
431 1952 490 2016 ope
503 1934 702 1998 confictorum
709 1944 761 1998 aut
771 1933 995 1998 falsificatorum
1006 1939 1145 2018 Evange-

63 2024 170 2087 liorom
180 2041 254 2087 suos
265 2040 385 2084 errores
394 2024 637 2103 propagantium.

95 2113 192 2175 Porro
199 2109 479 2190 Evangeliaistltaec
488 2111 701 2190 utapocryplra
710 2111 749 2171 ab
759 2110 1021 2177 Ortbodonismox
1030 2113 1143 2190 agnita,

63 2208 93 2260 et
105 2198 225 2277 rejecta
237 2197 369 2257 luerunt.
380 2197 518 2272 Quatuor
530 2202 632 2257 autem
642 2205 746 2258 nostra
756 2198 924 2277 Evangelia
940 2198 1087 2260 Ecclesiis
1104 2198 1143 2258 ab

61 2285 217 2367 Apostotls
226 2283 340 2346 tradita
357 2284 489 2343 luerunt.
504 2283 560 2344 lllo
575 2285 712 2346 Matthaei
725 2284 827 2364 plures
839 2286 978 2365 Apostoli
990 2285 1037 2346 usi
1053 2292 1141 2356 sumt,

61 2382 94 2436 et
103 2374 227 2435 lieren
241 2371 320 2432 illud
331 2373 437 2432 Romae
451 2369 559 2432 babuit
574 2371 672 2449 (conl.
685 2389 717 2433 n.
729 2371 814 2448 llio).
831 2373 1032 2453 Evangelium
1047 2373 1143 2436 Marci

60 2458 242 2540 adpmbavit
253 2460 360 2519 Petnrs
372 2457 467 2534 (ib),
484 2465 516 2518 et
534 2460 631 2520 Lucas
651 2460 819 2537 Evangelia
840 2459 976 2520 Mabhaei
998 2466 1030 2519 et
1046 2459 1143 2521 ldarcl

60 2543 213 2607 babuitiu
224 2543 346 2605 Graecia
365 2540 413 2618 (n.
433 2543 525 2618 tab),
547 2560 583 2604 ac
601 2545 692 2615 Lucae
708 2543 909 2622 Evangelium
931 2545 1040 2604 Paulus
1056 2561 1144 2605 snum

59 2630 181 2693 vocavit
194 2628 291 2709 (ib.);
308 2628 368 2689 tria
380 2629 445 2690 haec
466 2628 634 2705 Evangelia
652 2630 802 2699 loannes,
821 2629 872 2704 qui
883 2629 1006 2688 ultimus
1022 2629 1144 2707 scripsit

161 2713 379 2791 Evangelium,
397 2713 527 2783 residit,
546 2719 578 2772 et
593 2711 788 2791 adprobavit,
805 2718 840 2771 ut
855 2718 982 2771 testatur
994 2713 1142 2775 Eusebius

59 2801 262 2866 (nummis
275 2798 299 2859 ¹.
312 2799 390 2861 Cum
413 2804 515 2858 eutem
538 2797 624 2857 hisce
641 2803 770 2874 quatuor
788 2796 964 2874 Evangeliis
985 2803 1143 2858 uterentur

59 2902 165 2949 carues
178 2884 327 2946 Ecclesiae
335 2882 534 2964 particulares
546 2882 786 2953 Catholicormn,
800 2882 924 2961 publice
935 2883 1142 2963 preelegeren-

59 2982 120 3048 tm,
133 2980 169 3035 et
179 2972 276 3033 multa
288 2988 327 3032 ex
336 2973 375 3032 iis
386 2971 531 3049 liturgiis
547 2969 751 3050 operibusque
762 2971 929 3049 primorum
945 2971 1066 3031 Patrnm
1081 2973 1141 3034 Ec·

59 3058 163 3122 ω
183 3059 408 3125 insererentur,
421 3056 519 3132 liquet
530 3071 621 3133 mam
633 3062 717 3114 certo
728 3056 866 3114 nitantur
881 3055 1095 3127 fundamento,
1110 3066 1141 3119 et

59 3141 443 3222 quamcuncenitudino
453 3139 674 3219 abEvangeliis
683 3137 863 3218 apocryphis
870 3153 991 3216 sempor
999 3140 1141 3204 &tincta

55 3380 75 3455 ⁸
84 3384 208 3451 mlx.
217 3408 249 3420 -
256 3384 321 3432 llum
330 3383 416 3432 Patres
430 3382 527 3432 Iustino
542 3382 644 3442 martyri
659 3382 796 3431 anwrloras
807 3394 857 3430 non
868 3378 918 3431 nial
933 3378 1066 3442 Evangelio
1081 3394 1140 3441 apo·

99 3512 102 3517 Ι
191 3451 353 3503 citaronttda
363 3451 466 3501 interitu
476 3452 680 3512 auwmpborum
688 3452 816 3501 librorum
824 3464 948 3500 sacrorum
956 3453 1014 3500 novl
1023 3450 1140 3513 luderis,

85 3452 271 3587 minutia
280 3520 329 3570 leel
341 3533 370 3569 ac
379 3520 512 3583 temporis,
523 3533 572 3582 quo
583 3519 651 3568 Librl
661 3520 725 3570 sacri
733 3520 793 3570 novi
802 3520 911 3570 l'oederis
917 3520 1023 3570 conlecti
1035 3523 1093 3570 suut
1113 3524 1140 3571 el

85 3590 269 3655 &salemone
282 3588 445 3653 quorumdam
458 3590 646 3652 Evangellorum
656 3602 702 3652 per
711 3590 850 3641 baereticae.

82 3698 169 3781 'm
182 3718 250 3799 obj.
262 3719 388 3789 venam,
401 3724 623 3797 prosequuntur
633 3717 757 3788 Deistae,
768 3716 800 3776 l⁰
813 3719 917 3778 Patres
928 3718 1048 3777 lustino
1056 3735 1139 3778 mar-

56 3805 306 3885 mijuleriores
325 3819 388 3864 non
399 3803 533 3864 citarunt
549 3802 611 3865 nisi
621 3802 788 3881 Evangelia
799 3801 993 3882 apocrypha:
1010 3803 1054 3864 sic
1066 3803 1138 3866 Cle-

56 3906 148 3969 m
164 3890 274 3963 Rom,
297 3888 479 3952 observante
490 3887 600 3965 Bayls,
614 3887 768 3966 adlegavit
786 3885 869 3949 hunc
887 3893 1022 3947 tentum:
1036 3889 1138 3949 Estote

86 4030 178 4152 a?
186 4033 292 4104 lubrlul
305 4032 420 4087 codlceut
434 4031 574 4096 apocryph.
587 4033 617 4082 Ν.
628 4033 656 4081 l'.
668 4057 699 4070 -
708 4027 722 4067 ¹
732 4032 837 4093 Euseb,
853 4027 917 4083 llisl.
930 4033 1036 4096 Eccles„
1052 4033 1097 4085 llb.
1106 4034 1136 4097 ὅ,

56 4116 115 4152 n.
