<?xml version="1.0" encoding="UTF-8"?>
<!DOCTYPE html PUBLIC "-//W3C//DTD XHTML 1.0 Transitional//EN"
    "http://www.w3.org/TR/xhtml1/DTD/xhtml1-transitional.dtd">
<html xmlns="http://www.w3.org/1999/xhtml" xml:lang="en" lang="en">
 <head>
  <title>
</title>
<meta http-equiv="Content-Type" content="text/html;charset=utf-8" />
  <meta name='ocr-system' content='tesseract 3.04.00' />
  <meta name='ocr-capabilities' content='ocr_page ocr_carea ocr_par ocr_line ocrx_word'/>
</head>
<body>
  <div class='ocr_page' id='page_1' title='image "./hermeneuticasac00jansgoog_0451.png"; bbox 0 0 2708 4846; ppageno 0'>
   <div class='ocr_carea' id='block_1_1' title="bbox 618 634 912 722">
    <p class='ocr_par' dir='ltr' id='par_1_1' title="bbox 618 634 912 722">
     <span class='ocr_line' id='line_1_1' title="bbox 618 634 912 722; baseline -0.003 -2"><span class='ocrx_word' id='word_1_1' title='bbox 618 634 826 722; x_wconf 81' lang='lat' dir='ltr'><strong>CAPUT</strong></span> <span class='ocrx_word' id='word_1_2' title='bbox 853 636 912 719; x_wconf 79' lang='lat' dir='ltr'><strong>V.</strong></span> 
     </span>
    </p>
   </div>
   <div class='ocr_carea' id='block_1_2' title="bbox 283 833 1255 906">
    <p class='ocr_par' dir='ltr' id='par_1_2' title="bbox 283 833 1255 906">
     <span class='ocr_line' id='line_1_2' title="bbox 283 833 1255 906; baseline 0.004 -11"><span class='ocrx_word' id='word_1_3' title='bbox 283 838 334 895; x_wconf 82' lang='lat' dir='ltr'><strong>DE</strong></span> <span class='ocrx_word' id='word_1_4' title='bbox 350 837 548 896; x_wconf 79' lang='lat' dir='ltr'>LIBRORUM</span> <span class='ocrx_word' id='word_1_5' title='bbox 564 837 770 896; x_wconf 68' lang='lat' dir='ltr'><strong>stelionum</strong></span> <span class='ocrx_word' id='word_1_6' title='bbox 786 837 984 906; x_wconf 84' lang='lat' dir='ltr'><strong>SENSIBUS,</strong></span> <span class='ocrx_word' id='word_1_7' title='bbox 1002 839 1053 896; x_wconf 85' lang='grc' dir='ltr'><strong>ΕΤ</strong></span> <span class='ocrx_word' id='word_1_8' title='bbox 1070 833 1255 899; x_wconf 70' lang='lat' dir='ltr'><strong>finitumis</strong></span> 
     </span>
    </p>
   </div>
   <div class='ocr_carea' id='block_1_3' title="bbox 458 1006 1075 1050">
    <p class='ocr_par' dir='ltr' id='par_1_3' title="bbox 458 1006 1075 1050">
     <span class='ocr_line' id='line_1_3' title="bbox 458 1006 1075 1050; baseline 0.003 -3"><span class='ocrx_word' id='word_1_9' title='bbox 458 1007 608 1050; x_wconf 58' lang='lat' dir='ltr'><strong>“mmm</strong></span> <span class='ocrx_word' id='word_1_10' title='bbox 623 1008 670 1049; x_wconf 73' lang='lat'><strong>8811</strong></span> <span class='ocrx_word' id='word_1_11' title='bbox 684 1007 794 1048; x_wconf 75' lang='lat' dir='ltr'><strong>uenus</strong></span> <span class='ocrx_word' id='word_1_12' title='bbox 808 1006 1075 1049; x_wconf 60' lang='lat' dir='ltr'><strong>mmmmm&amp;</strong></span> 
     </span>
    </p>
   </div>
   <div class='ocr_carea' id='block_1_4' title="bbox 673 1176 865 1210">
    <p class='ocr_par' dir='ltr' id='par_1_4' title="bbox 673 1176 865 1210">
     <span class='ocr_line' id='line_1_4' title="bbox 673 1176 865 1210; baseline 0 -6"><span class='ocrx_word' id='word_1_13' title='bbox 673 1176 865 1210; x_wconf 47' lang='lat'><strong>⁴0&gt;-</strong></span> 
     </span>
    </p>
   </div>
   <div class='ocr_carea' id='block_1_5' title="bbox 648 1331 881 1394">
    <p class='ocr_par' dir='ltr' id='par_1_5' title="bbox 648 1331 881 1394">
     <span class='ocr_line' id='line_1_5' title="bbox 648 1331 881 1394; baseline 0 -1"><span class='ocrx_word' id='word_1_14' title='bbox 648 1331 833 1394; x_wconf 69' lang='lat' dir='ltr'><strong>seculo</strong></span> <span class='ocrx_word' id='word_1_15' title='bbox 851 1331 881 1393; x_wconf 91' lang='lat'><strong>1.</strong></span> 
     </span>
    </p>
   </div>
   <div class='ocr_carea' id='block_1_6' title="bbox 513 1496 1056 1573">
    <p class='ocr_par' dir='ltr' id='par_1_6' title="bbox 513 1496 1056 1573">
     <span class='ocr_line' id='line_1_6' title="bbox 513 1496 1056 1573; baseline 0.002 -26"><span class='ocrx_word' id='word_1_16' title='bbox 513 1499 554 1547; x_wconf 85' lang='lat' dir='ltr'><strong>nn</strong></span> <span class='ocrx_word' id='word_1_17' title='bbox 567 1497 707 1549; x_wconf 84' lang='lat' dir='ltr'><strong>seusmns</strong></span> <span class='ocrx_word' id='word_1_18' title='bbox 720 1498 891 1548; x_wconf 65' lang='lat' dir='ltr'><strong>murone</strong></span> <span class='ocrx_word' id='word_1_19' title='bbox 904 1496 1014 1548; x_wconf 77' lang='lat' dir='ltr'><strong>sucum</strong></span> <span class='ocrx_word' id='word_1_20' title='bbox 1051 1566 1056 1573; x_wconf 26' lang='grc' dir='ltr'>Ι</span> 
     </span>
    </p>
   </div>
   <div class='ocr_carea' id='block_1_7' title="bbox 436 1744 1087 1814">
    <p class='ocr_par' dir='ltr' id='par_1_7' title="bbox 436 1744 1087 1814">
     <span class='ocr_line' id='line_1_7' title="bbox 436 1744 1087 1814; baseline -0.002 -19"><span class='ocrx_word' id='word_1_21' title='bbox 436 1744 455 1814; x_wconf 71' lang='lat'>5</span> <span class='ocrx_word' id='word_1_22' title='bbox 468 1747 488 1796; x_wconf 89' lang='lat'><strong>1.</strong></span> <span class='ocrx_word' id='word_1_23' title='bbox 500 1769 529 1784; x_wconf 92' lang='lat'>-</span> <span class='ocrx_word' id='word_1_24' title='bbox 539 1747 576 1796; x_wconf 85' lang='lat' dir='ltr'><strong>lto</strong></span> <span class='ocrx_word' id='word_1_25' title='bbox 589 1744 701 1798; x_wconf 69' lang='lat' dir='ltr'><strong>smmum</strong></span> <span class='ocrx_word' id='word_1_26' title='bbox 710 1745 843 1809; x_wconf 76' lang='lat' dir='ltr'><strong>scripturo</strong></span> <span class='ocrx_word' id='word_1_27' title='bbox 851 1757 926 1797; x_wconf 75' lang='lat' dir='ltr'><strong>more</strong></span> <span class='ocrx_word' id='word_1_28' title='bbox 937 1744 1087 1810; x_wconf 61' lang='lat' dir='ltr'><strong>amenum.</strong></span> 
     </span>
    </p>
   </div>
   <div class='ocr_carea' id='block_1_8' title="bbox 217 1914 1299 3782">
    <p class='ocr_par' dir='ltr' id='par_1_8' title="bbox 222 1914 1299 2257">
     <span class='ocr_line' id='line_1_8' title="bbox 261 1914 1298 1997; baseline 0.001 -22"><span class='ocrx_word' id='word_1_29' title='bbox 261 1919 334 1975; x_wconf 74' lang='lat'><strong>01⁰.</strong></span> <span class='ocrx_word' id='word_1_30' title='bbox 347 1917 452 1979; x_wconf 84' lang='lat' dir='ltr'><strong>Verba</strong></span> <span class='ocrx_word' id='word_1_31' title='bbox 460 1916 623 1997; x_wconf 80' lang='lat' dir='ltr'><strong>suntsigna</strong></span> <span class='ocrx_word' id='word_1_32' title='bbox 632 1917 865 1996; x_wconf 69' lang='lat' dir='ltr'><strong>cogitationum</strong></span> <span class='ocrx_word' id='word_1_33' title='bbox 876 1915 949 1977; x_wconf 88' lang='lat' dir='ltr'><strong>hinc</strong></span> <span class='ocrx_word' id='word_1_34' title='bbox 961 1914 1067 1977; x_wconf 80' lang='lat' dir='ltr'><strong>verbis</strong></span> <span class='ocrx_word' id='word_1_35' title='bbox 1075 1914 1183 1978; x_wconf 87' lang='lat' dir='ltr'><strong>insunt</strong></span> <span class='ocrx_word' id='word_1_36' title='bbox 1193 1915 1298 1996; x_wconf 73' lang='lat' dir='ltr'><strong>cogito·</strong></span> 
     </span>
     <span class='ocr_line' id='line_1_9' title="bbox 224 2001 1299 2083; baseline -0.002 -17"><span class='ocrx_word' id='word_1_37' title='bbox 224 2006 341 2076; x_wconf 75' lang='lat' dir='ltr'><strong>dones,</strong></span> <span class='ocrx_word' id='word_1_38' title='bbox 361 2021 416 2065; x_wconf 85' lang='lat' dir='ltr'><strong>seu</strong></span> <span class='ocrx_word' id='word_1_39' title='bbox 431 2021 533 2065; x_wconf 88' lang='lat' dir='ltr'><strong>rerum</strong></span> <span class='ocrx_word' id='word_1_40' title='bbox 549 2009 724 2083; x_wconf 88' lang='lat' dir='ltr'><strong>conceptus.</strong></span> <span class='ocrx_word' id='word_1_41' title='bbox 741 2001 841 2079; x_wconf 89' lang='lat' dir='ltr'><strong>Quum</strong></span> <span class='ocrx_word' id='word_1_42' title='bbox 849 2018 923 2063; x_wconf 86' lang='lat' dir='ltr'><strong>vero</strong></span> <span class='ocrx_word' id='word_1_43' title='bbox 935 2001 1088 2063; x_wconf 82' lang='lat' dir='ltr'><strong>connexio</strong></span> <span class='ocrx_word' id='word_1_44' title='bbox 1106 2009 1299 2082; x_wconf 76' lang='lat' dir='ltr'><strong>conceptuum</strong></span> 
     </span>
     <span class='ocr_line' id='line_1_10' title="bbox 223 2087 1298 2167; baseline -0.005 -13"><span class='ocrx_word' id='word_1_45' title='bbox 223 2109 294 2154; x_wconf 77' lang='lat' dir='ltr'><strong>orum</strong></span> <span class='ocrx_word' id='word_1_46' title='bbox 310 2091 414 2152; x_wconf 80' lang='lat' dir='ltr'><strong>verbis</strong></span> <span class='ocrx_word' id='word_1_47' title='bbox 431 2108 449 2152; x_wconf 89' lang='lat' dir='ltr'><strong>a</strong></span> <span class='ocrx_word' id='word_1_48' title='bbox 467 2096 570 2151; x_wconf 88' lang='lat' dir='ltr'><strong>mente</strong></span> <span class='ocrx_word' id='word_1_49' title='bbox 588 2088 741 2167; x_wconf 85' lang='lat' dir='ltr'><strong>loquentis</strong></span> <span class='ocrx_word' id='word_1_50' title='bbox 758 2087 945 2167; x_wconf 86' lang='lat' dir='ltr'><strong>dependeat,</strong></span> <span class='ocrx_word' id='word_1_51' title='bbox 964 2088 1104 2166; x_wconf 89' lang='lat' dir='ltr'><strong>sequitur</strong></span> <span class='ocrx_word' id='word_1_52' title='bbox 1126 2107 1243 2152; x_wconf 85' lang='lat' dir='ltr'><strong>sensum</strong></span> <span class='ocrx_word' id='word_1_53' title='bbox 1267 2089 1298 2149; x_wconf 92' lang='lat' dir='ltr'><strong>in</strong></span> 
     </span>
     <span class='ocr_line' id='line_1_11' title="bbox 222 2167 1206 2257; baseline -0.002 -21"><span class='ocrx_word' id='word_1_54' title='bbox 222 2193 338 2257; x_wconf 75' lang='lat' dir='ltr'><strong>genere</strong></span> <span class='ocrx_word' id='word_1_55' title='bbox 351 2193 417 2237; x_wconf 89' lang='lat' dir='ltr'><strong>esse</strong></span> <span class='ocrx_word' id='word_1_56' title='bbox 428 2183 609 2253; x_wconf 86' lang='lat' dir='ltr'><strong>conceptum</strong></span> <span class='ocrx_word' id='word_1_57' title='bbox 620 2167 766 2246; x_wconf 83' lang='lat' dir='ltr'><strong>auctoris,</strong></span> <span class='ocrx_word' id='word_1_58' title='bbox 780 2191 834 2236; x_wconf 91' lang='lat' dir='ltr'><strong>seu</strong></span> <span class='ocrx_word' id='word_1_59' title='bbox 847 2173 879 2234; x_wconf 92' lang='lat' dir='ltr'><strong>id</strong></span> <span class='ocrx_word' id='word_1_60' title='bbox 892 2173 972 2251; x_wconf 86' lang='lat' dir='ltr'><strong>quod</strong></span> <span class='ocrx_word' id='word_1_61' title='bbox 982 2173 1078 2236; x_wconf 77' lang='lat' dir='ltr'><strong>sentit</strong></span> <span class='ocrx_word' id='word_1_62' title='bbox 1091 2182 1206 2236; x_wconf 87' lang='lat' dir='ltr'><strong>auctor.</strong></span> 
     </span>
    </p>

    <p class='ocr_par' dir='ltr' id='par_1_9' title="bbox 221 2259 1298 2506">
     <span class='ocr_line' id='line_1_12' title="bbox 260 2259 1297 2340; baseline -0.004 -19"><span class='ocrx_word' id='word_1_63' title='bbox 260 2263 341 2323; x_wconf 79' lang='lat' dir='ltr'><strong>ilinc</strong></span> <span class='ocrx_word' id='word_1_64' title='bbox 353 2278 458 2322; x_wconf 86' lang='lat' dir='ltr'><strong>sensus</strong></span> <span class='ocrx_word' id='word_1_65' title='bbox 470 2260 632 2337; x_wconf 82' lang='lat' dir='ltr'><strong>scriptmae</strong></span> <span class='ocrx_word' id='word_1_66' title='bbox 648 2276 742 2319; x_wconf 82' lang='lat' dir='ltr'><strong>sacrae</strong></span> <span class='ocrx_word' id='word_1_67' title='bbox 762 2267 807 2320; x_wconf 83' lang='lat' dir='ltr'><strong>est</strong></span> <span class='ocrx_word' id='word_1_68' title='bbox 823 2259 877 2319; x_wconf 92' lang='lat' dir='ltr'><strong>ille</strong></span> <span class='ocrx_word' id='word_1_69' title='bbox 895 2266 1061 2340; x_wconf 89' lang='lat' dir='ltr'><strong>conceptus</strong></span> <span class='ocrx_word' id='word_1_70' title='bbox 1078 2277 1185 2321; x_wconf 86' lang='lat' dir='ltr'><strong>rerum</strong></span> <span class='ocrx_word' id='word_1_71' title='bbox 1195 2303 1204 2331; x_wconf 89' lang='lat'><strong>,</strong></span> <span class='ocrx_word' id='word_1_72' title='bbox 1214 2266 1297 2337; x_wconf 72' lang='lat' dir='ltr'><strong>quem</strong></span> 
     </span>
     <span class='ocr_line' id='line_1_13' title="bbox 222 2338 1298 2421; baseline 0 -19"><span class='ocrx_word' id='word_1_73' title='bbox 222 2343 392 2420; x_wconf 79' lang='lat' dir='ltr'><strong>Scriptores</strong></span> <span class='ocrx_word' id='word_1_74' title='bbox 411 2342 488 2401; x_wconf 87' lang='lat' dir='ltr'><strong>sacri</strong></span> <span class='ocrx_word' id='word_1_75' title='bbox 501 2341 534 2399; x_wconf 92' lang='lat' dir='ltr'><strong>in</strong></span> <span class='ocrx_word' id='word_1_76' title='bbox 546 2346 649 2399; x_wconf 89' lang='lat' dir='ltr'><strong>mente</strong></span> <span class='ocrx_word' id='word_1_77' title='bbox 664 2338 850 2414; x_wconf 89' lang='lat' dir='ltr'><strong>habuerunt,</strong></span> <span class='ocrx_word' id='word_1_78' title='bbox 864 2341 914 2402; x_wconf 84' lang='lat' dir='ltr'><strong>vel</strong></span> <span class='ocrx_word' id='word_1_79' title='bbox 930 2357 1022 2420; x_wconf 84' lang='lat' dir='ltr'><strong>quem</strong></span> <span class='ocrx_word' id='word_1_80' title='bbox 1039 2341 1174 2421; x_wconf 81' lang='lat' dir='ltr'><strong>Spiritus</strong></span> <span class='ocrx_word' id='word_1_81' title='bbox 1189 2349 1298 2402; x_wconf 78' lang='lat' dir='ltr'><strong>sancus</strong></span> 
     </span>
     <span class='ocr_line' id='line_1_14' title="bbox 221 2425 895 2506; baseline 0.001 -20"><span class='ocrx_word' id='word_1_82' title='bbox 221 2443 279 2506; x_wconf 89' lang='lat' dir='ltr'><strong>per</strong></span> <span class='ocrx_word' id='word_1_83' title='bbox 289 2426 383 2486; x_wconf 83' lang='lat' dir='ltr'><strong>verba</strong></span> <span class='ocrx_word' id='word_1_84' title='bbox 392 2425 579 2501; x_wconf 87' lang='lat' dir='ltr'><strong>Scriptorum</strong></span> <span class='ocrx_word' id='word_1_85' title='bbox 587 2441 740 2485; x_wconf 87' lang='lat' dir='ltr'><strong>sacrorum</strong></span> <span class='ocrx_word' id='word_1_86' title='bbox 751 2425 895 2487; x_wconf 80' lang='lat' dir='ltr'><strong>intendit</strong></span> 
     </span>
    </p>

    <p class='ocr_par' dir='ltr' id='par_1_10' title="bbox 219 2510 1297 3019">
     <span class='ocr_line' id='line_1_15' title="bbox 258 2510 1297 2592; baseline -0.003 -16"><span class='ocrx_word' id='word_1_87' title='bbox 258 2511 336 2576; x_wconf 89' lang='lat' dir='ltr'><strong>Cum</strong></span> <span class='ocrx_word' id='word_1_88' title='bbox 347 2528 421 2573; x_wconf 87' lang='lat' dir='ltr'><strong>vero</strong></span> <span class='ocrx_word' id='word_1_89' title='bbox 432 2511 527 2570; x_wconf 83' lang='lat' dir='ltr'><strong>verba</strong></span> <span class='ocrx_word' id='word_1_90' title='bbox 542 2528 604 2571; x_wconf 93' lang='lat' dir='ltr'><strong>non</strong></span> <span class='ocrx_word' id='word_1_91' title='bbox 621 2527 743 2588; x_wconf 89' lang='lat' dir='ltr'><strong>semper</strong></span> <span class='ocrx_word' id='word_1_92' title='bbox 760 2511 793 2570; x_wconf 93' lang='lat' dir='ltr'><strong>in</strong></span> <span class='ocrx_word' id='word_1_93' title='bbox 810 2511 950 2592; x_wconf 90' lang='lat' dir='ltr'><strong>propria,</strong></span> <span class='ocrx_word' id='word_1_94' title='bbox 963 2510 1018 2572; x_wconf 89' lang='lat' dir='ltr'><strong>sed</strong></span> <span class='ocrx_word' id='word_1_95' title='bbox 1041 2512 1138 2573; x_wconf 87' lang='lat' dir='ltr'><strong>etiam</strong></span> <span class='ocrx_word' id='word_1_96' title='bbox 1158 2513 1193 2573; x_wconf 92' lang='lat' dir='ltr'><strong>in</strong></span> <span class='ocrx_word' id='word_1_97' title='bbox 1212 2518 1297 2573; x_wconf 78' lang='lat' dir='ltr'><strong>meh·</strong></span> 
     </span>
     <span class='ocr_line' id='line_1_16' title="bbox 221 2595 1296 2680; baseline -0.003 -20"><span class='ocrx_word' id='word_1_98' title='bbox 221 2599 348 2680; x_wconf 87' lang='lat' dir='ltr'><strong>phorica</strong></span> <span class='ocrx_word' id='word_1_99' title='bbox 359 2617 414 2660; x_wconf 87' lang='lat' dir='ltr'><strong>seu</strong></span> <span class='ocrx_word' id='word_1_100' title='bbox 425 2599 541 2677; x_wconf 88' lang='lat' dir='ltr'><strong>tropica</strong></span> <span class='ocrx_word' id='word_1_101' title='bbox 552 2595 775 2677; x_wconf 82' lang='lat' dir='ltr'><strong>significatione</strong></span> <span class='ocrx_word' id='word_1_102' title='bbox 786 2598 990 2676; x_wconf 73' lang='lat' dir='ltr'><strong>accipientum,</strong></span> <span class='ocrx_word' id='word_1_103' title='bbox 1003 2597 1106 2674; x_wconf 86' lang='lat' dir='ltr'><strong>liquet</strong></span> <span class='ocrx_word' id='word_1_104' title='bbox 1120 2617 1243 2662; x_wconf 89' lang='lat' dir='ltr'><strong>sensnm</strong></span> <span class='ocrx_word' id='word_1_105' title='bbox 1256 2598 1296 2658; x_wconf 87' lang='lat' dir='ltr'><strong>lit·</strong></span> 
     </span>
     <span class='ocr_line' id='line_1_17' title="bbox 220 2684 1295 2764; baseline -0.004 -18"><span class='ocrx_word' id='word_1_106' title='bbox 220 2685 349 2746; x_wconf 89' lang='lat' dir='ltr'><strong>teralem</strong></span> <span class='ocrx_word' id='word_1_107' title='bbox 362 2702 428 2746; x_wconf 86' lang='lat' dir='ltr'><strong>esse</strong></span> <span class='ocrx_word' id='word_1_108' title='bbox 441 2684 609 2763; x_wconf 86' lang='lat' dir='ltr'><strong>duplicem,</strong></span> <span class='ocrx_word' id='word_1_109' title='bbox 621 2684 775 2762; x_wconf 83' lang='lat' dir='ltr'><strong>proprium</strong></span> <span class='ocrx_word' id='word_1_110' title='bbox 787 2701 912 2762; x_wconf 89' lang='lat' dir='ltr'><strong>nempe,</strong></span> <span class='ocrx_word' id='word_1_111' title='bbox 927 2701 1018 2759; x_wconf 84' lang='lat' dir='ltr'><strong>quem</strong></span> <span class='ocrx_word' id='word_1_112' title='bbox 1031 2684 1131 2746; x_wconf 84' lang='lat' dir='ltr'><strong>verba</strong></span> <span class='ocrx_word' id='word_1_113' title='bbox 1143 2686 1295 2764; x_wconf 84' lang='lat' dir='ltr'><strong>propriaet</strong></span> 
     </span>
     <span class='ocr_line' id='line_1_18' title="bbox 221 2769 1293 2852; baseline 0.002 -20"><span class='ocrx_word' id='word_1_114' title='bbox 221 2771 313 2832; x_wconf 88' lang='lat' dir='ltr'><strong>obvia</strong></span> <span class='ocrx_word' id='word_1_115' title='bbox 325 2769 547 2849; x_wconf 81' lang='lat' dir='ltr'><strong>significatione</strong></span> <span class='ocrx_word' id='word_1_116' title='bbox 559 2770 762 2840; x_wconf 86' lang='lat' dir='ltr'><strong>constituunt,</strong></span> <span class='ocrx_word' id='word_1_117' title='bbox 778 2776 809 2829; x_wconf 92' lang='lat' dir='ltr'><strong>et</strong></span> <span class='ocrx_word' id='word_1_118' title='bbox 823 2769 1052 2846; x_wconf 66' lang='lat' dir='ltr'><strong>metaphoricum</strong></span> <span class='ocrx_word' id='word_1_119' title='bbox 1061 2787 1120 2830; x_wconf 89' lang='lat' dir='ltr'><strong>seu</strong></span> <span class='ocrx_word' id='word_1_120' title='bbox 1134 2774 1293 2852; x_wconf 80' lang='lat' dir='ltr'><strong>tropicum.</strong></span> 
     </span>
     <span class='ocr_line' id='line_1_19' title="bbox 221 2852 1294 2934; baseline 0 -18"><span class='ocrx_word' id='word_1_121' title='bbox 221 2873 312 2934; x_wconf 84' lang='lat' dir='ltr'><strong>quem</strong></span> <span class='ocrx_word' id='word_1_122' title='bbox 329 2855 424 2915; x_wconf 84' lang='lat' dir='ltr'><strong>verba</strong></span> <span class='ocrx_word' id='word_1_123' title='bbox 444 2854 483 2914; x_wconf 89' lang='lat' dir='ltr'><strong>ad</strong></span> <span class='ocrx_word' id='word_1_124' title='bbox 505 2855 636 2914; x_wconf 87' lang='lat' dir='ltr'><strong>alienam</strong></span> <span class='ocrx_word' id='word_1_125' title='bbox 652 2852 906 2933; x_wconf 81' lang='lat' dir='ltr'><strong>significationem</strong></span> <span class='ocrx_word' id='word_1_126' title='bbox 921 2854 1066 2930; x_wconf 80' lang='lat' dir='ltr'><strong>translata</strong></span> <span class='ocrx_word' id='word_1_127' title='bbox 1086 2854 1237 2917; x_wconf 79' lang='lat' dir='ltr'><strong>efficiunt</strong></span> <span class='ocrx_word' id='word_1_128' title='bbox 1253 2853 1294 2916; x_wconf 77' lang='lat' dir='ltr'><strong>sie</strong></span> 
     </span>
     <span class='ocr_line' id='line_1_20' title="bbox 219 2938 1228 3019; baseline -0.002 -15"><span class='ocrx_word' id='word_1_129' title='bbox 219 2941 358 3004; x_wconf 84' lang='lat' dir='ltr'><strong>Christus</strong></span> <span class='ocrx_word' id='word_1_130' title='bbox 370 2956 461 3000; x_wconf 91' lang='lat' dir='ltr'><strong>sensu</strong></span> <span class='ocrx_word' id='word_1_131' title='bbox 470 2938 677 3019; x_wconf 77' lang='lat' dir='ltr'><strong>metaphorice</strong></span> <span class='ocrx_word' id='word_1_132' title='bbox 690 2939 803 2999; x_wconf 86' lang='lat' dir='ltr'><strong>dicitur</strong></span> <span class='ocrx_word' id='word_1_133' title='bbox 811 2938 907 2998; x_wconf 76' lang='lat' dir='ltr'><strong>sedere</strong></span> <span class='ocrx_word' id='word_1_134' title='bbox 918 2939 959 2999; x_wconf 87' lang='lat' dir='ltr'><strong>od</strong></span> <span class='ocrx_word' id='word_1_135' title='bbox 971 2939 1109 3000; x_wconf 82' lang='lat' dir='ltr'><strong>dextram</strong></span> <span class='ocrx_word' id='word_1_136' title='bbox 1118 2943 1228 3002; x_wconf 80' lang='lat' dir='ltr'><strong>Pctn&#39;a.</strong></span> 
     </span>
    </p>

    <p class='ocr_par' dir='ltr' id='par_1_11' title="bbox 218 3025 1293 3359">
     <span class='ocr_line' id='line_1_21' title="bbox 257 3025 1293 3104; baseline -0.002 -16"><span class='ocrx_word' id='word_1_137' title='bbox 257 3027 334 3089; x_wconf 87' lang='lat' dir='ltr'><strong>Cum</strong></span> <span class='ocrx_word' id='word_1_138' title='bbox 344 3043 434 3087; x_wconf 87' lang='lat' dir='ltr'><strong>sensu</strong></span> <span class='ocrx_word' id='word_1_139' title='bbox 443 3025 649 3104; x_wconf 87' lang='lat' dir='ltr'><strong>metaphorico</strong></span> <span class='ocrx_word' id='word_1_140' title='bbox 661 3043 715 3086; x_wconf 90' lang='lat' dir='ltr'><strong>seu</strong></span> <span class='ocrx_word' id='word_1_141' title='bbox 727 3026 842 3104; x_wconf 89' lang='lat' dir='ltr'><strong>tropico</strong></span> <span class='ocrx_word' id='word_1_142' title='bbox 852 3026 1087 3088; x_wconf 88' lang='lat' dir='ltr'><strong>similitudinem</strong></span> <span class='ocrx_word' id='word_1_143' title='bbox 1097 3027 1196 3089; x_wconf 86' lang='lat' dir='ltr'><strong>hahet</strong></span> <span class='ocrx_word' id='word_1_144' title='bbox 1204 3039 1293 3088; x_wconf 70' lang='lat' dir='ltr'><strong>senem</strong></span> 
     </span>
     <span class='ocr_line' id='line_1_22' title="bbox 219 3109 1293 3190; baseline -0.005 -18"><span class='ocrx_word' id='word_1_145' title='bbox 219 3114 358 3190; x_wconf 76' lang='lat' dir='ltr'><strong>mysticus</strong></span> <span class='ocrx_word' id='word_1_146' title='bbox 378 3129 434 3172; x_wconf 91' lang='lat' dir='ltr'><strong>seu</strong></span> <span class='ocrx_word' id='word_1_147' title='bbox 451 3113 592 3189; x_wconf 76' lang='lat' dir='ltr'><strong>typicus:</strong></span> <span class='ocrx_word' id='word_1_148' title='bbox 616 3111 868 3188; x_wconf 88' lang='lat' dir='ltr'><strong>quemadmodum</strong></span> <span class='ocrx_word' id='word_1_149' title='bbox 892 3110 975 3170; x_wconf 91' lang='lat' dir='ltr'><strong>enim</strong></span> <span class='ocrx_word' id='word_1_150' title='bbox 996 3112 1084 3190; x_wconf 88' lang='lat' dir='ltr'><strong>prior</strong></span> <span class='ocrx_word' id='word_1_151' title='bbox 1103 3113 1189 3174; x_wconf 88' lang='lat' dir='ltr'><strong>inest</strong></span> <span class='ocrx_word' id='word_1_152' title='bbox 1206 3109 1293 3173; x_wconf 78' lang='lat' dir='ltr'><strong>vohis</strong></span> 
     </span>
     <span class='ocr_line' id='line_1_23' title="bbox 218 3191 1292 3275; baseline -0.002 -18"><span class='ocrx_word' id='word_1_153' title='bbox 218 3196 434 3275; x_wconf 83' lang='lat' dir='ltr'><strong>metaphoricis</strong></span> <span class='ocrx_word' id='word_1_154' title='bbox 452 3213 507 3256; x_wconf 90' lang='lat' dir='ltr'><strong>seu</strong></span> <span class='ocrx_word' id='word_1_155' title='bbox 521 3195 661 3274; x_wconf 88' lang='lat' dir='ltr'><strong>tropicis,</strong></span> <span class='ocrx_word' id='word_1_156' title='bbox 677 3195 719 3256; x_wconf 86' lang='lat' dir='ltr'><strong>ita</strong></span> <span class='ocrx_word' id='word_1_157' title='bbox 731 3195 783 3257; x_wconf 91' lang='lat' dir='ltr'><strong>hic</strong></span> <span class='ocrx_word' id='word_1_158' title='bbox 795 3197 876 3256; x_wconf 91' lang='lat' dir='ltr'><strong>inest</strong></span> <span class='ocrx_word' id='word_1_159' title='bbox 892 3195 984 3257; x_wconf 88' lang='lat' dir='ltr'><strong>rebus</strong></span> <span class='ocrx_word' id='word_1_160' title='bbox 1000 3213 1094 3257; x_wconf 86' lang='lat' dir='ltr'><strong>sensu</strong></span> <span class='ocrx_word' id='word_1_161' title='bbox 1105 3197 1237 3275; x_wconf 58' lang='lat' dir='ltr'><strong>⁴litterali</strong></span> <span class='ocrx_word' id='word_1_162' title='bbox 1252 3191 1292 3255; x_wconf 77' lang='lat' dir='ltr'><strong>vel</strong></span> 
     </span>
     <span class='ocr_line' id='line_1_24' title="bbox 218 3281 509 3359; baseline -0.003 -19"><span class='ocrx_word' id='word_1_163' title='bbox 218 3282 336 3359; x_wconf 89' lang='lat' dir='ltr'><strong>tropico</strong></span> <span class='ocrx_word' id='word_1_164' title='bbox 348 3281 509 3359; x_wconf 84' lang='lat' dir='ltr'><strong>expressis.</strong></span> 
     </span>
    </p>

    <p class='ocr_par' dir='ltr' id='par_1_12' title="bbox 217 3364 1294 3782">
     <span class='ocr_line' id='line_1_25' title="bbox 254 3364 1293 3447; baseline 0.004 -21"><span class='ocrx_word' id='word_1_165' title='bbox 254 3366 357 3443; x_wconf 81' lang='lat' dir='ltr'><strong>Quane</strong></span> <span class='ocrx_word' id='word_1_166' title='bbox 385 3382 490 3425; x_wconf 84' lang='lat' dir='ltr'><strong>sensus</strong></span> <span class='ocrx_word' id='word_1_167' title='bbox 506 3364 650 3439; x_wconf 85' lang='lat' dir='ltr'><strong>mysticus</strong></span> <span class='ocrx_word' id='word_1_168' title='bbox 674 3372 735 3438; x_wconf 88' lang='lat' dir='ltr'><strong>est,</strong></span> <span class='ocrx_word' id='word_1_169' title='bbox 758 3367 811 3445; x_wconf 85' lang='lat' dir='ltr'><strong>qui</strong></span> <span class='ocrx_word' id='word_1_170' title='bbox 840 3365 886 3426; x_wconf 91' lang='lat' dir='ltr'><strong>rei</strong></span> <span class='ocrx_word' id='word_1_171' title='bbox 906 3366 1010 3428; x_wconf 81' lang='lat' dir='ltr'><strong>verbis</strong></span> <span class='ocrx_word' id='word_1_172' title='bbox 1034 3384 1191 3447; x_wconf 76' lang='lat' dir='ltr'><strong>expressae</strong></span> <span class='ocrx_word' id='word_1_173' title='bbox 1210 3369 1293 3441; x_wconf 79' lang='lat' dir='ltr'><strong>inest.</strong></span> 
     </span>
     <span class='ocr_line' id='line_1_26' title="bbox 218 3451 1294 3534; baseline -0.002 -21"><span class='ocrx_word' id='word_1_174' title='bbox 218 3457 369 3530; x_wconf 85' lang='lat' dir='ltr'><strong>tamquam</strong></span> <span class='ocrx_word' id='word_1_175' title='bbox 378 3451 503 3530; x_wconf 79' lang='lat' dir='ltr'><strong>imagini</strong></span> <span class='ocrx_word' id='word_1_176' title='bbox 518 3469 571 3511; x_wconf 88' lang='lat' dir='ltr'><strong>seu</strong></span> <span class='ocrx_word' id='word_1_177' title='bbox 580 3481 654 3522; x_wconf 68' lang='lat' dir='ltr'><strong>mo,</strong></span> <span class='ocrx_word' id='word_1_178' title='bbox 669 3456 753 3530; x_wconf 54' lang='lat' dir='ltr'><strong>typo·</strong></span> <span class='ocrx_word' id='word_1_179' title='bbox 765 3453 837 3513; x_wconf 91' lang='lat' dir='ltr'><strong>hinc</strong></span> <span class='ocrx_word' id='word_1_180' title='bbox 850 3469 913 3522; x_wconf 88' lang='lat' dir='ltr'><strong>res,</strong></span> <span class='ocrx_word' id='word_1_181' title='bbox 924 3469 990 3530; x_wconf 83' lang='lat' dir='ltr'><strong>quae</strong></span> <span class='ocrx_word' id='word_1_182' title='bbox 1005 3461 1052 3514; x_wconf 89' lang='lat' dir='ltr'><strong>est</strong></span> <span class='ocrx_word' id='word_1_183' title='bbox 1065 3455 1170 3534; x_wconf 78' lang='lat' dir='ltr'><strong>imago</strong></span> <span class='ocrx_word' id='word_1_184' title='bbox 1184 3453 1294 3516; x_wconf 72' lang='lat' dir='ltr'><strong>alterius</strong></span> 
     </span>
     <span class='ocr_line' id='line_1_27' title="bbox 217 3537 1294 3619; baseline 0.005 -20"><span class='ocrx_word' id='word_1_185' title='bbox 217 3547 381 3618; x_wconf 60' lang='lat' dir='ltr'><strong>mappae</strong></span> <span class='ocrx_word' id='word_1_186' title='bbox 392 3538 486 3600; x_wconf 87' lang='lat' dir='ltr'><strong>audit.</strong></span> <span class='ocrx_word' id='word_1_187' title='bbox 498 3537 638 3601; x_wconf 85' lang='lat' dir='ltr'><strong>Occurrit</strong></span> <span class='ocrx_word' id='word_1_188' title='bbox 647 3539 698 3600; x_wconf 87' lang='lat' dir='ltr'><strong>hic</strong></span> <span class='ocrx_word' id='word_1_189' title='bbox 710 3538 902 3601; x_wconf 88' lang='lat' dir='ltr'><strong>sensushaud</strong></span> <span class='ocrx_word' id='word_1_190' title='bbox 928 3540 1142 3618; x_wconf 83' lang='lat' dir='ltr'><strong>infrequenter</strong></span> <span class='ocrx_word' id='word_1_191' title='bbox 1160 3539 1294 3619; x_wconf 71' lang='lat' dir='ltr'><strong>inscio</strong></span> 
     </span>
     <span class='ocr_line' id='line_1_28' title="bbox 217 3623 1293 3695; baseline -0.002 -10"><span class='ocrx_word' id='word_1_192' title='bbox 217 3625 334 3687; x_wconf 82' lang='lat' dir='ltr'><strong>toribm</strong></span> <span class='ocrx_word' id='word_1_193' title='bbox 350 3624 444 3685; x_wconf 85' lang='lat' dir='ltr'><strong>sacris</strong></span> <span class='ocrx_word' id='word_1_194' title='bbox 456 3623 729 3695; x_wconf 82' lang='lat' dir='ltr'><strong>noviFoederis,ut</strong></span> <span class='ocrx_word' id='word_1_195' title='bbox 741 3625 849 3686; x_wconf 84' lang='lat' dir='ltr'><strong>Matth.</strong></span> <span class='ocrx_word' id='word_1_196' title='bbox 859 3625 944 3695; x_wconf 61' lang='grc' dir='ltr'><strong>ᾙδ,</strong></span> <span class='ocrx_word' id='word_1_197' title='bbox 962 3624 1293 3695; x_wconf 80' lang='lat' dir='ltr'><strong>coil.cum0seaett,i;</strong></span> 
     </span>
     <span class='ocr_line' id='line_1_29' title="bbox 217 3711 801 3782; baseline 0.002 -11"><span class='ocrx_word' id='word_1_198' title='bbox 217 3713 231 3771; x_wconf 93' lang='lat'>1</span> <span class='ocrx_word' id='word_1_199' title='bbox 245 3711 315 3773; x_wconf 89' lang='lat' dir='ltr'><strong>Cor.</strong></span> <span class='ocrx_word' id='word_1_200' title='bbox 328 3711 433 3782; x_wconf 60' lang='lat' dir='ltr'><strong>imit),</strong></span> <span class='ocrx_word' id='word_1_201' title='bbox 445 3711 516 3771; x_wconf 90' lang='lat' dir='ltr'><strong>coll.</strong></span> <span class='ocrx_word' id='word_1_202' title='bbox 529 3728 598 3772; x_wconf 91' lang='lat' dir='ltr'><strong>cum</strong></span> <span class='ocrx_word' id='word_1_203' title='bbox 610 3712 699 3772; x_wconf 89' lang='lat' dir='ltr'><strong>Deut.</strong></span> <span class='ocrx_word' id='word_1_204' title='bbox 711 3711 759 3780; x_wconf 72' lang='lat' dir='ltr'><strong>id,</strong></span> <span class='ocrx_word' id='word_1_205' title='bbox 772 3713 801 3772; x_wconf 82' lang='lat' dir='ltr'><strong>t.</strong></span> 
     </span>
    </p>
   </div>
   <div class='ocr_carea' id='block_1_9' title="bbox 525 3858 993 3925">
    <p class='ocr_par' dir='ltr' id='par_1_13' title="bbox 525 3858 993 3925">
     <span class='ocr_line' id='line_1_30' title="bbox 525 3858 993 3925; baseline 0.009 -18"><span class='ocrx_word' id='word_1_206' title='bbox 525 3858 541 3924; x_wconf 77' lang='lat' dir='ltr'><strong>s</strong></span> <span class='ocrx_word' id='word_1_207' title='bbox 556 3862 586 3908; x_wconf 89' lang='grc'><strong>11.</strong></span> <span class='ocrx_word' id='word_1_208' title='bbox 599 3886 629 3896; x_wconf 91' lang='grc'>-</span> <span class='ocrx_word' id='word_1_209' title='bbox 639 3860 780 3910; x_wconf 76' lang='lat' dir='ltr'><strong>subdivido</strong></span> <span class='ocrx_word' id='word_1_210' title='bbox 790 3874 876 3911; x_wconf 80' lang='lat' dir='ltr'><strong>sensns</strong></span> <span class='ocrx_word' id='word_1_211' title='bbox 885 3861 993 3925; x_wconf 74' lang='lat' dir='ltr'><strong>mystici.</strong></span> 
     </span>
    </p>
   </div>
   <div class='ocr_carea' id='block_1_10' title="bbox 215 3976 1294 4162">
    <p class='ocr_par' dir='ltr' id='par_1_14' title="bbox 215 3976 1294 4162">
     <span class='ocr_line' id='line_1_31' title="bbox 252 3976 1293 4075; baseline 0.017 -29"><span class='ocrx_word' id='word_1_212' title='bbox 252 3976 327 4047; x_wconf 71' lang='grc' dir='ltr'><strong>’θη</strong></span> <span class='ocrx_word' id='word_1_213' title='bbox 343 3993 504 4054; x_wconf 86' lang='lat' dir='ltr'><strong>Subdividi</strong></span> <span class='ocrx_word' id='word_1_214' title='bbox 519 3994 596 4054; x_wconf 88' lang='lat' dir='ltr'><strong>solet</strong></span> <span class='ocrx_word' id='word_1_215' title='bbox 616 4011 720 4055; x_wconf 80' lang='lat' dir='ltr'><strong>sensum</strong></span> <span class='ocrx_word' id='word_1_216' title='bbox 743 3995 888 4071; x_wconf 77' lang='lat' dir='ltr'><strong>mysticus</strong></span> <span class='ocrx_word' id='word_1_217' title='bbox 903 4012 958 4075; x_wconf 89' lang='lat' dir='ltr'><strong>pro</strong></span> <span class='ocrx_word' id='word_1_218' title='bbox 982 3996 1169 4061; x_wconf 86' lang='lat' dir='ltr'><strong>diversitate</strong></span> <span class='ocrx_word' id='word_1_219' title='bbox 1187 4014 1293 4064; x_wconf 75' lang='lat' dir='ltr'><strong>rerum.</strong></span> 
     </span>
     <span class='ocr_line' id='line_1_32' title="bbox 215 4078 1294 4162; baseline 0.006 -26"><span class='ocrx_word' id='word_1_220' title='bbox 215 4078 327 4152; x_wconf 83' lang='lat' dir='ltr'><strong>quihus</strong></span> <span class='ocrx_word' id='word_1_221' title='bbox 338 4079 430 4140; x_wconf 89' lang='lat' dir='ltr'><strong>resin</strong></span> <span class='ocrx_word' id='word_1_222' title='bbox 441 4079 542 4141; x_wconf 88' lang='lat' dir='ltr'><strong>Libris</strong></span> <span class='ocrx_word' id='word_1_223' title='bbox 553 4080 746 4143; x_wconf 85' lang='lat' dir='ltr'><strong>sacrissensu</strong></span> <span class='ocrx_word' id='word_1_224' title='bbox 757 4079 883 4143; x_wconf 83' lang='lat' dir='ltr'><strong>litterati</strong></span> <span class='ocrx_word' id='word_1_225' title='bbox 901 4080 951 4142; x_wconf 88' lang='lat' dir='ltr'><strong>vel</strong></span> <span class='ocrx_word' id='word_1_226' title='bbox 968 4084 1185 4162; x_wconf 72' lang='lat' dir='ltr'><strong>metaphorice</strong></span> <span class='ocrx_word' id='word_1_227' title='bbox 1201 4085 1294 4147; x_wconf 77' lang='lat' dir='ltr'><strong>relate</strong></span> 
     </span>
    </p>
   </div>
   <div class='ocr_carea' id='block_1_11' title="bbox 0 0 1358 4846">
    <p class='ocr_par' dir='ltr' id='par_1_15' title="bbox 0 0 1358 4846">
     <span class='ocr_line' id='line_1_33' title="bbox 0 0 1358 4846; baseline 0 4"><span class='ocrx_word' id='word_1_228' title='bbox 0 0 1358 4846; x_wconf 95' lang='lat' dir='ltr'><strong> </strong></span> 
     </span>
    </p>
   </div>
  </div>
 </body>
</html>
