2708 4846
146 432 192 484 188
545 436 591 485 ott
612 432 825 485 annuntiata

180 526 254 585 Haec
268 526 411 586 miracula
424 513 560 605 ingentia
580 528 701 587 omnino
722 532 806 597 sunt,
818 523 974 584 licetvero
995 516 1088 583 finem
1099 520 1207 583 ittorm

145 627 204 671 non
219 612 290 672 satis
301 619 491 691 perspectum
508 611 687 682 habeamus;
705 627 744 671 ex
755 611 823 671 aliis
836 617 937 669 tamen
956 607 1033 668 Eliae
1047 606 1207 681 miraculis,

143 715 269 773 quorum
281 696 350 758 finis
360 706 405 759 sat
415 704 514 772 patet,
528 697 650 778 plenam
662 695 754 758 finem
765 696 988 757 nanciscuntur.

179 786 252 843 206.
265 785 307 855 ΙΙ,
322 785 363 843 tv
376 785 452 863 lieg.
465 784 499 854 i,
514 783 601 843 tuat
612 783 738 862 legitur,
751 783 899 853 Eliseum,
913 778 1020 840 divisis
1031 779 1127 859 pallio
1143 780 1209 843 nn

143 872 227 947 aquis
238 871 380 932 iordanis
391 914 399 941 ‚
411 888 465 949 per
478 871 597 931 alveum
610 871 692 932 illius
704 870 873 941 transiisse,
887 883 979 946 aquas
995 866 1123 928 Jericho
1133 874 1210 949 pota-

143 956 220 1019 biles
232 954 413 1025 reddidisse,
428 963 458 1015 et
469 955 661 1016 maledixisse
673 955 776 1034 pueris
788 955 919 1015 civitatis
930 951 1040 1015 Bctlrcl
1052 953 1083 1014 ei
1095 952 1208 1017 sultsan·

142 1043 298 1113 nantibus,
311 1060 438 1121 quonum
450 1043 487 1101 ii
500 1060 518 1103 a
530 1043 647 1104 duobus
658 1043 736 1103 ursis
748 1042 872 1102 lacerati
881 1041 1013 1101 suenum.

177 1128 255 1191 Cum
262 1129 380 1189 Eliseus
396 1130 535 1208 spiritum
546 1129 620 1189 litiae
637 1129 821 1208 accepisset,
835 1128 947 1208 ipsum,
959 1133 993 1188 ut
1004 1126 1115 1200 Eliam,
1126 1128 1204 1191 nne

145 1215 208 1275 cula
220 1214 350 1275 manime
365 1215 603 1276 extraordinaria
615 1222 771 1294 operatum
784 1231 849 1275 csse
862 1217 972 1273 mirum
984 1231 1048 1275 non
1061 1222 1117 1276 est
1127 1212 1204 1277 Pueri

142 1318 214 1361 vero
232 1300 399 1361 idololatrae
412 1300 545 1362 civitatis
561 1301 685 1371 Bethel,
699 1301 737 1360 ab
749 1300 826 1361 ausis
837 1299 989 1372 devorati,
1002 1318 1066 1361 non
1078 1307 1203 1381 temper·

140 1406 221 1451 sonae
233 1388 327 1473 Elisci
339 1404 429 1465 quam
442 1385 506 1464 ejus
517 1387 703 1459 ministerio,
715 1387 844 1467 proinde
854 1387 999 1474 'Deo-ipsi
1015 1387 1202 1451 subsannant·

140 1483 223 1539 rant..

177 1564 249 1620 aot.
263 1563 305 1622 lv
317 1562 392 1640 Reg.
406 1560 425 1620 5
443 1561 560 1651 Eliseus
570 1561 738 1621 exercitum
750 1577 855 1640 regum
872 1561 993 1633 Joram,
1007 1560 1164 1642 iosaphat,
1178 1568 1201 1624 ct

143 1650 235 1711 Edom
249 1650 368 1710 aitioab
378 1650 499 1721 liberat,
513 1647 733 1728 suppeditando
746 1649 807 1709 illis
821 1664 938 1726 aquarn.

177 1737 294 1798 Ibidem
308 1736 367 1799 eit
385 1736 502 1797 Elisens
524 1734 705 1813 ntultiplicat
718 1734 819 1795 oleum
836 1736 978 1814 pauperis
995 1736 1200 1817 uiduae,eit1ut

140 1824 272 1886 medium
285 1824 345 1885 suis
356 1822 558 1885 creditoribus
570 1822 788 1894 satisfaciendi,
801 1821 843 1881 ita
856 1828 1007 1900 procurat.
1023 1823 1143 1885 Mulieri
1159 1826 1200 1887 Sa

139 1911 278 1971 namitidi
291 1928 308 1971 a
321 1913 383 1971 Deo
397 1910 516 1969 obtinet
528 1909 684 1980 infantem,
698 1926 788 1987 quem
801 1908 873 1967 dein
885 1916 1037 1968 mortuann
1048 1911 1197 1972 resuscitat

140 1997 384 2058 Amaritudincm
407 2013 445 2055 ex
466 1995 526 2054 olla
550 1994 664 2066 aufert,
687 1992 948 2075 etl00'lromines
964 1995 1071 2072 paucis
1090 1996 1200 2076 paniiu

139 2084 237 2143 satiat.

176 2168 294 2228 Ibidem
306 2166 500 2228 etiNaarnan
519 2183 535 2225 a
547 2165 632 2244 lepra
644 2164 738 2227 sanat.
748 2166 783 2229 C.
795 2166 813 2228 6
826 2166 938 2226 ferrum
947 2166 979 2227 in
992 2169 1081 2245 aquis
1091 2168 1200 2232 adun

140 2258 213 2316 dere
225 2256 311 2324 iacit,
327 2263 357 2314 et
369 2254 482 2314 milites
494 2253 574 2330 Syri,
587 2253 626 2314 ad
635 2254 772 2338 Eliseum·
781 2255 961 2334 capiendum
973 2256 1071 2331 missi,
1081 2258 1200 2322 cactus

140 2341 360 2421 percutiuntur.

176 2428 211 2490 C.
228 2426 398 2506 imagnam
409 2426 622 2488 abundantiam
633 2429 667 2489 in
685 2429 818 2491 Samaria
830 2429 978 2509 praedicit.
992 2431 1028 2495 C.
1046 2421 1201 2512 8praodicit

139 2523 268 2576 mortem
279 2515 433 2585 Benadad‚
444 2516 527 2595 regis
545 2516 649 2593 Syriae.
662 2518 697 2581 C.
713 2516 747 2575 ta
759 2518 898 2596 praedicit
908 2521 995 2589 Joas,
1005 2521 1075 2598 regi
1086 2521 1200 2591 israeli,

141 2613 201 2666 tres
214 2605 373 2675 victorias,
384 2612 416 2666 ct
424 2611 559 2665 mortuus
567 2603 599 2664 in
611 2605 804 2685 sepulchrum
815 2606 909 2667 Elisei
922 2605 1058 2668 deiuncti
1066 2608 1201 2689 projectu

140 2692 281 2753 advitam
296 2691 387 2751 redit.
421 2749 425 2755 ,

175 2777 251 2841 Cum
262 2776 380 2837 Eliseus
396 2792 414 2836 a
431 2779 496 2837 Deo
508 2777 616 2838 missus
627 2775 718 2837 inerit
734 2776 767 2836 in
781 2773 1040 2838 confirmationem
1050 2795 1133 2841 verte
1145 2778 1202 2841 rcl'r

138 2865 254 2942 gionis,
268 2863 356 2924 iacile
369 2863 561 2942 intelligitur,
576 2862 666 2924 finem
676 2864 741 2941 ejus
752 2865 963 2924 miraculorum
977 2882 1045 2927 esse
1059 2865 1203 2929 confirma·

139 2952 253 3011 tionem
266 2950 517 3021 transmissionis,
535 2968 570 3011 ac
583 2962 663 3011 ve'rae
673 2950 840 3028 religionis.
849 2951 938 3027 Quod
950 2952 976 3011 si
988 2953 1020 3012 in
1038 2954 1202 3031 quinon

137 3037 213 3098 Eliae
229 3054 264 3098 ac
275 3037 368 3099 Elisei
380 3039 533 3100 miraculis
546 3037 614 3100 finis
625 3039 679 3098 ille
689 3039 816 3116 insignis
827 3038 1041 3100 miraculorum
1053 3040 1136 3103 haud
1145 3058 1204 3105 can·

138 3126 257 3205 spicuns
268 3126 747 3206 est,pcrpendendumestmultas
757 3125 1202 3192 miraculorumcircumstanilut

137 3211 169 3272 in
182 3212 258 3273 Eliae
272 3230 307 3273 ac
320 3213 413 3273 Elisci
424 3211 554 3286 ¹historia
570 3212 754 3283 desiderari,
764 3229 831 3290 quaa
847 3212 886 3273 ad
895 3211 987 3274 linem
1001 3214 1203 3279 miraculum

137 3298 380 3378 perspiciendtun
401 3307 469 3358 sunt
481 3299 669 3359 necessariae.
681 3299 873 3366 Portentosa,
886 3317 953 3375 quae
969 3300 1002 3359 in
1019 3300 1144 3362 illorum
1153 3300 1204 3363 nis

137 3384 214 3444 toria
231 3391 391 3445 occurrunt
407 3401 506 3444 meros
518 3392 650 3458 ¹eventus
667 3383 833 3454 naturales,
847 3383 1030 3444 diuturniori
1050 3384 1205 3449 traditione

137 3479 329 3551 propagatos,
341 3478 375 3531 et
390 3471 623 3532 circumstantiis
638 3470 824 3532 miraculosis
845 3471 970 3532 vestitos
988 3472 1100 3545 inisse,
1120 3491 1157 3537 ex
1172 3488 1203 3533 tu

137 3558 233 3619 solum
245 3557 407 3629 refellitur,
419 3558 499 3634 quod
510 3564 615 3618 auctor
623 3557 769 3617 librorum
780 3574 886 3637 regum
902 3557 1094 3623 documentis
1104 3558 1204 3625 mauis

137 3660 206 3707 usus
216 3642 317 3717 sit(n.
329 3644 382 3704 tut
395 3652 426 3705 et
438 3643 522 3725 ¹35)-
785 3644 787 3649 '

284 3770 300 3838 S
312 3778 404 3826 lxvii.
415 3801 445 3814 -
454 3776 611 3837 iturotogiunr
624 3774 713 3825 iehan.
723 3767 910 3838 iehu,'tezairei
921 3778 947 3827 et
956 3775 1065 3830 athalia.

174 3895 245 3952 208.
257 3897 298 3954 [V
307 3896 383 3973 Reg.
394 3893 449 3963 20,
460 3892 543 3952 i0-tt
557 3893 679 3974 legitur,
689 3895 820 3955 asatorum
833 3896 904 3954 sotis
917 3891 1011 3954 dcun
1022 3894 1161 3975 proditu
1174 3890 1204 3957 ir

138 3974 292 4061 horologio
302 3981 392 4043 solari
405 3979 507 4039 Achaz
518 3987 733 4059 retrogressam
742 3997 825 4055 esse,
836 3982 868 4042 in
879 3980 999 4061 signtnn
1008 3981 1117 4065 futurae
1126 3996 1206 4047 suut·

139 4067 229 4132 tionis
241 4070 322 4159 regis
332 4066 480 4131 nechim
