<?xml version="1.0" encoding="UTF-8"?>
<!DOCTYPE html PUBLIC "-//W3C//DTD XHTML 1.0 Transitional//EN"
    "http://www.w3.org/TR/xhtml1/DTD/xhtml1-transitional.dtd">
<html xmlns="http://www.w3.org/1999/xhtml" xml:lang="en" lang="en">
 <head>
  <title>
</title>
<meta http-equiv="Content-Type" content="text/html;charset=utf-8" />
  <meta name='ocr-system' content='tesseract 3.04.00' />
  <meta name='ocr-capabilities' content='ocr_page ocr_carea ocr_par ocr_line ocrx_word'/>
</head>
<body>
  <div class='ocr_page' id='page_1' title='image "./hermeneuticasac00jansgoog_0379.png"; bbox 0 0 2708 4846; ppageno 0'>
   <div class='ocr_carea' id='block_1_1' title="bbox 138 450 807 504">
    <p class='ocr_par' dir='ltr' id='par_1_1' title="bbox 138 450 807 504">
     <span class='ocr_line' id='line_1_1' title="bbox 138 450 807 504; baseline -0.012 0"><span class='ocrx_word' id='word_1_1' title='bbox 138 454 183 504; x_wconf 60' lang='lat' dir='ltr'><strong>bb&amp;</strong></span> <span class='ocrx_word' id='word_1_2' title='bbox 544 451 590 499; x_wconf 77' lang='lat' dir='ltr'><strong>uu</strong></span> <span class='ocrx_word' id='word_1_3' title='bbox 605 450 807 499; x_wconf 68' lang='lat' dir='ltr'><strong>suanensis</strong></span> 
     </span>
    </p>
   </div>
   <div class='ocr_carea' id='block_1_2' title="bbox 136 539 1211 1205">
    <p class='ocr_par' dir='ltr' id='par_1_2' title="bbox 136 539 1211 1205">
     <span class='ocr_line' id='line_1_2' title="bbox 173 539 1206 623; baseline -0.003 -16"><span class='ocrx_word' id='word_1_4' title='bbox 173 543 235 607; x_wconf 88' lang='lat' dir='ltr'><strong>Sed</strong></span> <span class='ocrx_word' id='word_1_5' title='bbox 255 542 337 622; x_wconf 88' lang='lat' dir='ltr'><strong>quod</strong></span> <span class='ocrx_word' id='word_1_6' title='bbox 356 543 454 623; x_wconf 78' lang='lat' dir='ltr'><strong>magis</strong></span> <span class='ocrx_word' id='word_1_7' title='bbox 469 543 568 604; x_wconf 88' lang='lat' dir='ltr'><strong>adhuc</strong></span> <span class='ocrx_word' id='word_1_8' title='bbox 589 543 622 601; x_wconf 93' lang='lat' dir='ltr'><strong>in</strong></span> <span class='ocrx_word' id='word_1_9' title='bbox 639 541 811 602; x_wconf 87' lang='lat' dir='ltr'><strong>Deistarum</strong></span> <span class='ocrx_word' id='word_1_10' title='bbox 823 539 1039 601; x_wconf 88' lang='lat' dir='ltr'><strong>contusionem</strong></span> <span class='ocrx_word' id='word_1_11' title='bbox 1058 541 1206 613; x_wconf 70' lang='lat' dir='ltr'><strong>vertitest</strong></span> 
     </span>
     <span class='ocr_line' id='line_1_3' title="bbox 136 624 1208 695; baseline -0.002 -5"><span class='ocrx_word' id='word_1_12' title='bbox 136 630 284 692; x_wconf 85' lang='lat' dir='ltr'><strong>condessio</strong></span> <span class='ocrx_word' id='word_1_13' title='bbox 298 629 474 689; x_wconf 82' lang='lat' dir='ltr'><strong>iudaeorum</strong></span> <span class='ocrx_word' id='word_1_14' title='bbox 487 629 519 688; x_wconf 93' lang='lat' dir='ltr'><strong>in</strong></span> <span class='ocrx_word' id='word_1_15' title='bbox 531 644 584 688; x_wconf 93' lang='lat' dir='ltr'><strong>suo</strong></span> <span class='ocrx_word' id='word_1_16' title='bbox 596 625 781 695; x_wconf 89' lang='lat' dir='ltr'><strong>Tbalmude;</strong></span> <span class='ocrx_word' id='word_1_17' title='bbox 798 625 845 685; x_wconf 92' lang='lat' dir='ltr'><strong>ibi</strong></span> <span class='ocrx_word' id='word_1_18' title='bbox 859 625 943 685; x_wconf 88' lang='lat' dir='ltr'><strong>enim</strong></span> <span class='ocrx_word' id='word_1_19' title='bbox 957 642 1022 686; x_wconf 92' lang='lat' dir='ltr'><strong>non</strong></span> <span class='ocrx_word' id='word_1_20' title='bbox 1035 624 1208 688; x_wconf 81' lang='lat' dir='ltr'><strong>solummodo</strong></span> 
     </span>
     <span class='ocr_line' id='line_1_4' title="bbox 136 709 1209 793; baseline -0.003 -16"><span class='ocrx_word' id='word_1_21' title='bbox 136 716 281 778; x_wconf 82' lang='lat' dir='ltr'><strong>miracula</strong></span> <span class='ocrx_word' id='word_1_22' title='bbox 295 714 409 778; x_wconf 81' lang='lat' dir='ltr'>Christi</span> <span class='ocrx_word' id='word_1_23' title='bbox 426 721 458 775; x_wconf 90' lang='lat' dir='ltr'><strong>et</strong></span> <span class='ocrx_word' id='word_1_24' title='bbox 473 713 700 793; x_wconf 79' lang='lat' dir='ltr'><strong>Apostolorum,</strong></span> <span class='ocrx_word' id='word_1_25' title='bbox 712 711 767 773; x_wconf 91' lang='lat' dir='ltr'><strong>sed</strong></span> <span class='ocrx_word' id='word_1_26' title='bbox 780 719 812 772; x_wconf 86' lang='lat' dir='ltr'><strong>et</strong></span> <span class='ocrx_word' id='word_1_27' title='bbox 823 711 876 771; x_wconf 94' lang='lat' dir='ltr'><strong>illa</strong></span> <span class='ocrx_word' id='word_1_28' title='bbox 890 712 1063 791; x_wconf 84' lang='lat' dir='ltr'><strong>primorum</strong></span> <span class='ocrx_word' id='word_1_29' title='bbox 1077 709 1209 774; x_wconf 69' lang='lat' dir='ltr'><strong>christis</strong></span> 
     </span>
     <span class='ocr_line' id='line_1_5' title="bbox 136 795 1210 877; baseline -0.004 -15"><span class='ocrx_word' id='word_1_30' title='bbox 136 818 244 863; x_wconf 92' lang='lat' dir='ltr'><strong>norum</strong></span> <span class='ocrx_word' id='word_1_31' title='bbox 265 801 409 871; x_wconf 87' lang='lat' dir='ltr'><strong>latentur,</strong></span> <span class='ocrx_word' id='word_1_32' title='bbox 431 799 506 860; x_wconf 88' lang='lat' dir='ltr'><strong>licet</strong></span> <span class='ocrx_word' id='word_1_33' title='bbox 525 815 561 858; x_wconf 90' lang='lat' dir='ltr'><strong>ea</strong></span> <span class='ocrx_word' id='word_1_34' title='bbox 583 804 725 877; x_wconf 90' lang='lat' dir='ltr'><strong>usurpato</strong></span> <span class='ocrx_word' id='word_1_35' title='bbox 741 797 859 856; x_wconf 88' lang='lat' dir='ltr'><strong>nomini</strong></span> <span class='ocrx_word' id='word_1_36' title='bbox 872 795 1022 866; x_wconf 75' lang='lat' dir='ltr'><strong>deborae,</strong></span> <span class='ocrx_word' id='word_1_37' title='bbox 1036 795 1090 856; x_wconf 80' lang='lat' dir='ltr'><strong>vel</strong></span> <span class='ocrx_word' id='word_1_38' title='bbox 1110 798 1210 860; x_wconf 72' lang='lat' dir='ltr'><strong>artibus</strong></span> 
     </span>
     <span class='ocr_line' id='line_1_6' title="bbox 136 882 1209 965; baseline -0.003 -18"><span class='ocrx_word' id='word_1_39' title='bbox 136 887 262 965; x_wconf 82' lang='lat' dir='ltr'><strong>magicis</strong></span> <span class='ocrx_word' id='word_1_40' title='bbox 274 886 455 956; x_wconf 81' lang='lat' dir='ltr'><strong>attribuant,</strong></span> <span class='ocrx_word' id='word_1_41' title='bbox 470 883 552 962; x_wconf 91' lang='lat' dir='ltr'><strong>quod</strong></span> <span class='ocrx_word' id='word_1_42' title='bbox 565 883 728 944; x_wconf 88' lang='lat' dir='ltr'><strong>absurdum</strong></span> <span class='ocrx_word' id='word_1_43' title='bbox 741 889 804 953; x_wconf 89' lang='lat' dir='ltr'><strong>est,</strong></span> <span class='ocrx_word' id='word_1_44' title='bbox 814 889 848 943; x_wconf 92' lang='lat' dir='ltr'><strong>ut</strong></span> <span class='ocrx_word' id='word_1_45' title='bbox 856 882 920 961; x_wconf 86' lang='lat' dir='ltr'><strong>jam</strong></span> <span class='ocrx_word' id='word_1_46' title='bbox 932 882 1110 943; x_wconf 90' lang='lat' dir='ltr'><strong>monuimus</strong></span> <span class='ocrx_word' id='word_1_47' title='bbox 1117 900 1147 944; x_wconf 87' lang='lat' dir='ltr'><strong>n.</strong></span> <span class='ocrx_word' id='word_1_48' title='bbox 1155 883 1209 944; x_wconf 78' lang='lat' dir='ltr'><strong>tlt</strong></span> 
     </span>
     <span class='ocr_line' id='line_1_7' title="bbox 137 969 1210 1051; baseline -0.004 -18"><span class='ocrx_word' id='word_1_49' title='bbox 137 975 231 1033; x_wconf 90' lang='lat' dir='ltr'><strong>immo</strong></span> <span class='ocrx_word' id='word_1_50' title='bbox 248 972 441 1033; x_wconf 89' lang='lat' dir='ltr'><strong>Tbalmudiei</strong></span> <span class='ocrx_word' id='word_1_51' title='bbox 460 979 504 1032; x_wconf 92' lang='lat' dir='ltr'><strong>tot</strong></span> <span class='ocrx_word' id='word_1_52' title='bbox 525 970 722 1051; x_wconf 82' lang='lat' dir='ltr'><strong>particulares</strong></span> <span class='ocrx_word' id='word_1_53' title='bbox 734 969 807 1030; x_wconf 83' lang='lat' dir='ltr'><strong>vitae</strong></span> <span class='ocrx_word' id='word_1_54' title='bbox 825 970 901 1029; x_wconf 90' lang='lat' dir='ltr'><strong>Jesu</strong></span> <span class='ocrx_word' id='word_1_55' title='bbox 913 969 1157 1030; x_wconf 78' lang='lat' dir='ltr'><strong>circumstantias</strong></span> <span class='ocrx_word' id='word_1_56' title='bbox 1171 986 1210 1030; x_wconf 88' lang='lat' dir='ltr'><strong>re-</strong></span> 
     </span>
     <span class='ocr_line' id='line_1_8' title="bbox 136 1055 1211 1137; baseline -0.004 -17"><span class='ocrx_word' id='word_1_57' title='bbox 136 1059 247 1131; x_wconf 80' lang='lat' dir='ltr'><strong>terunt,</strong></span> <span class='ocrx_word' id='word_1_58' title='bbox 257 1058 394 1135; x_wconf 84' lang='lat' dir='ltr'><strong>quamvis</strong></span> <span class='ocrx_word' id='word_1_59' title='bbox 406 1057 515 1118; x_wconf 85' lang='lat' dir='ltr'><strong>tabulis</strong></span> <span class='ocrx_word' id='word_1_60' title='bbox 532 1056 700 1117; x_wconf 88' lang='lat' dir='ltr'><strong>rabbiniois</strong></span> <span class='ocrx_word' id='word_1_61' title='bbox 711 1055 894 1134; x_wconf 84' lang='lat' dir='ltr'><strong>deturpatas,</strong></span> <span class='ocrx_word' id='word_1_62' title='bbox 907 1061 943 1114; x_wconf 91' lang='lat' dir='ltr'><strong>ut</strong></span> <span class='ocrx_word' id='word_1_63' title='bbox 958 1055 1113 1117; x_wconf 78' lang='lat' dir='ltr'><strong>veracitas</strong></span> <span class='ocrx_word' id='word_1_64' title='bbox 1125 1056 1211 1137; x_wconf 80' lang='lat' dir='ltr'><strong>Scrip-</strong></span> 
     </span>
     <span class='ocr_line' id='line_1_9' title="bbox 137 1137 1151 1205; baseline -0.003 -1"><span class='ocrx_word' id='word_1_65' title='bbox 137 1151 237 1204; x_wconf 89' lang='lat' dir='ltr'><strong>torum</strong></span> <span class='ocrx_word' id='word_1_66' title='bbox 248 1160 400 1205; x_wconf 88' lang='lat' dir='ltr'><strong>sacrorum</strong></span> <span class='ocrx_word' id='word_1_67' title='bbox 411 1142 485 1203; x_wconf 80' lang='lat' dir='ltr'><strong>novi</strong></span> <span class='ocrx_word' id='word_1_68' title='bbox 497 1140 634 1202; x_wconf 88' lang='lat' dir='ltr'><strong>Foederis</strong></span> <span class='ocrx_word' id='word_1_69' title='bbox 647 1157 685 1200; x_wconf 86' lang='lat' dir='ltr'><strong>ex</strong></span> <span class='ocrx_word' id='word_1_70' title='bbox 696 1139 735 1200; x_wconf 91' lang='lat' dir='ltr'><strong>iis</strong></span> <span class='ocrx_word' id='word_1_71' title='bbox 746 1139 825 1199; x_wconf 86' lang='lat' dir='ltr'><strong>miro</strong></span> <span class='ocrx_word' id='word_1_72' title='bbox 838 1137 928 1199; x_wconf 92' lang='lat' dir='ltr'><strong>modo</strong></span> <span class='ocrx_word' id='word_1_73' title='bbox 942 1137 1151 1201; x_wconf 82' lang='lat' dir='ltr'><strong>confirmetur.</strong></span> 
     </span>
    </p>
   </div>
   <div class='ocr_carea' id='block_1_3' title="bbox 211 1281 1156 1414">
    <p class='ocr_par' dir='ltr' id='par_1_3' title="bbox 211 1281 1156 1414">
     <span class='ocr_line' id='line_1_10' title="bbox 211 1281 1156 1400; baseline -0.003 -61"><span class='ocrx_word' id='word_1_74' title='bbox 211 1287 229 1354; x_wconf 69' lang='lat' dir='ltr'><strong><em>s</em></strong></span> <span class='ocrx_word' id='word_1_75' title='bbox 242 1289 347 1339; x_wconf 80' lang='lat' dir='ltr'><strong>uuuvu.</strong></span> <span class='ocrx_word' id='word_1_76' title='bbox 356 1311 387 1324; x_wconf 92' lang='lat'><em>-</em></span> <span class='ocrx_word' id='word_1_77' title='bbox 394 1285 526 1337; x_wconf 71' lang='lat' dir='ltr'><strong>siendum</strong></span> <span class='ocrx_word' id='word_1_78' title='bbox 537 1281 877 1400; x_wconf 60' lang='lat' dir='ltr'><strong>mdquommlbipbnmrm</strong></span> <span class='ocrx_word' id='word_1_79' title='bbox 889 1281 1031 1344; x_wconf 62' lang='lat' dir='ltr'><strong>iudeorum</strong></span> <span class='ocrx_word' id='word_1_80' title='bbox 1039 1283 1076 1334; x_wconf 78' lang='lat' dir='ltr'><strong>de</strong></span> <span class='ocrx_word' id='word_1_81' title='bbox 1086 1283 1156 1336; x_wconf 70' lang='lat' dir='ltr'><strong>acts</strong></span> 
     </span>
     <span class='ocr_line' id='line_1_11' title="bbox 602 1365 763 1414; baseline -0.006 -12"><span class='ocrx_word' id='word_1_82' title='bbox 602 1365 697 1414; x_wconf 64' lang='lat' dir='ltr'><strong>evange</strong></span> <span class='ocrx_word' id='word_1_83' title='bbox 708 1365 730 1401; x_wconf 82' lang='lat' dir='ltr'><strong>re</strong></span> <span class='ocrx_word' id='word_1_84' title='bbox 741 1366 763 1402; x_wconf 85' lang='lat' dir='ltr'><strong>s.</strong></span> 
     </span>
    </p>
   </div>
   <div class='ocr_carea' id='block_1_4' title="bbox 136 1473 1238 3960">
    <p class='ocr_par' dir='ltr' id='par_1_4' title="bbox 136 1473 1214 1710">
     <span class='ocr_line' id='line_1_12' title="bbox 175 1473 1213 1553; baseline 0.004 -20"><span class='ocrx_word' id='word_1_85' title='bbox 175 1478 247 1534; x_wconf 73' lang='lat' dir='ltr'><strong>aad.</strong></span> <span class='ocrx_word' id='word_1_86' title='bbox 257 1479 389 1546; x_wconf 83' lang='lat' dir='ltr'><strong>Verum,</strong></span> <span class='ocrx_word' id='word_1_87' title='bbox 404 1474 560 1553; x_wconf 87' lang='lat' dir='ltr'><strong>excipiunt</strong></span> <span class='ocrx_word' id='word_1_88' title='bbox 569 1475 697 1546; x_wconf 86' lang='lat' dir='ltr'><strong>Delstae,</strong></span> <span class='ocrx_word' id='word_1_89' title='bbox 709 1473 827 1551; x_wconf 86' lang='lat' dir='ltr'><strong>antiqui</strong></span> <span class='ocrx_word' id='word_1_90' title='bbox 836 1473 1002 1553; x_wconf 82' lang='lat' dir='ltr'><strong>scriptores</strong></span> <span class='ocrx_word' id='word_1_91' title='bbox 1010 1473 1126 1553; x_wconf 76' lang='lat' dir='ltr'><strong>ludaei,</strong></span> <span class='ocrx_word' id='word_1_92' title='bbox 1137 1473 1213 1537; x_wconf 82' lang='lat' dir='ltr'><strong>Pbilo</strong></span> 
     </span>
     <span class='ocr_line' id='line_1_13' title="bbox 136 1557 1214 1640; baseline -0.002 -17"><span class='ocrx_word' id='word_1_93' title='bbox 136 1578 249 1640; x_wconf 89' lang='lat' dir='ltr'><strong>nempe</strong></span> <span class='ocrx_word' id='word_1_94' title='bbox 267 1569 299 1622; x_wconf 87' lang='lat' dir='ltr'><strong>et</strong></span> <span class='ocrx_word' id='word_1_95' title='bbox 310 1560 355 1622; x_wconf 89' lang='lat' dir='ltr'><strong>Fl.</strong></span> <span class='ocrx_word' id='word_1_96' title='bbox 376 1559 542 1638; x_wconf 87' lang='lat' dir='ltr'><strong>Josepbus‚</strong></span> <span class='ocrx_word' id='word_1_97' title='bbox 556 1558 595 1619; x_wconf 91' lang='lat' dir='ltr'><strong>de</strong></span> <span class='ocrx_word' id='word_1_98' title='bbox 608 1558 694 1619; x_wconf 86' lang='lat' dir='ltr'><strong>laetis</strong></span> <span class='ocrx_word' id='word_1_99' title='bbox 708 1557 894 1638; x_wconf 80' lang='lat' dir='ltr'><strong>evangelicis</strong></span> <span class='ocrx_word' id='word_1_100' title='bbox 908 1559 1104 1621; x_wconf 89' lang='lat' dir='ltr'><strong>mentionem</strong></span> <span class='ocrx_word' id='word_1_101' title='bbox 1115 1559 1214 1621; x_wconf 75' lang='lat' dir='ltr'><strong>nullan</strong></span> 
     </span>
     <span class='ocr_line' id='line_1_14' title="bbox 138 1648 940 1710; baseline 0.015 -2"><span class='ocrx_word' id='word_1_102' title='bbox 138 1648 265 1710; x_wconf 81' lang='lat' dir='ltr'><strong>iaciunt.</strong></span> <span class='ocrx_word' id='word_1_103' title='bbox 938 1676 940 1680; x_wconf 55' lang='lat'><em>⁴</em></span> 
     </span>
    </p>

    <p class='ocr_par' dir='ltr' id='par_1_5' title="bbox 138 1729 1216 3246">
     <span class='ocr_line' id='line_1_15' title="bbox 176 1729 1216 1811; baseline 0.002 -17"><span class='ocrx_word' id='word_1_104' title='bbox 176 1733 238 1794; x_wconf 88' lang='lat' dir='ltr'><strong>Sed</strong></span> <span class='ocrx_word' id='word_1_105' title='bbox 255 1733 344 1795; x_wconf 85' lang='lat' dir='ltr'><strong>Philo</strong></span> <span class='ocrx_word' id='word_1_106' title='bbox 361 1748 402 1793; x_wconf 89' lang='lat' dir='ltr'><strong>ne</strong></span> <span class='ocrx_word' id='word_1_107' title='bbox 420 1732 545 1811; x_wconf 71' lang='lat' dir='ltr'><strong>quidm</strong></span> <span class='ocrx_word' id='word_1_108' title='bbox 558 1732 748 1793; x_wconf 83' lang='lat' dir='ltr'><strong>occasionem</strong></span> <span class='ocrx_word' id='word_1_109' title='bbox 760 1729 868 1791; x_wconf 87' lang='lat' dir='ltr'><strong>babuit</strong></span> <span class='ocrx_word' id='word_1_110' title='bbox 880 1730 912 1791; x_wconf 92' lang='lat' dir='ltr'><strong>in</strong></span> <span class='ocrx_word' id='word_1_111' title='bbox 925 1730 990 1792; x_wconf 89' lang='lat' dir='ltr'><strong>suis</strong></span> <span class='ocrx_word' id='word_1_112' title='bbox 1001 1731 1216 1811; x_wconf 84' lang='lat' dir='ltr'><strong>scriptisdeiis</strong></span> 
     </span>
     <span class='ocr_line' id='line_1_16' title="bbox 138 1815 1214 1899; baseline 0.001 -20"><span class='ocrx_word' id='word_1_113' title='bbox 138 1817 301 1898; x_wconf 90' lang='lat' dir='ltr'><strong>loquendi;</strong></span> <span class='ocrx_word' id='word_1_114' title='bbox 323 1819 431 1879; x_wconf 77' lang='lat' dir='ltr'><strong>laborm</strong></span> <span class='ocrx_word' id='word_1_115' title='bbox 449 1825 551 1879; x_wconf 87' lang='lat' dir='ltr'><strong>autem</strong></span> <span class='ocrx_word' id='word_1_116' title='bbox 570 1824 618 1879; x_wconf 87' lang='lat' dir='ltr'><strong>est</strong></span> <span class='ocrx_word' id='word_1_117' title='bbox 634 1817 679 1877; x_wconf 89' lang='lat' dir='ltr'><strong>Fl.</strong></span> <span class='ocrx_word' id='word_1_118' title='bbox 693 1815 861 1895; x_wconf 83' lang='lat' dir='ltr'><strong>dosepbum</strong></span> <span class='ocrx_word' id='word_1_119' title='bbox 875 1815 915 1877; x_wconf 92' lang='lat' dir='ltr'><strong>de</strong></span> <span class='ocrx_word' id='word_1_120' title='bbox 937 1817 1014 1896; x_wconf 88' lang='lat' dir='ltr'><strong>ipsis</strong></span> <span class='ocrx_word' id='word_1_121' title='bbox 1026 1816 1111 1880; x_wconf 90' lang='lat' dir='ltr'><strong>baud</strong></span> <span class='ocrx_word' id='word_1_122' title='bbox 1122 1819 1214 1899; x_wconf 83' lang='lat' dir='ltr'><strong>loqui:</strong></span> 
     </span>
     <span class='ocr_line' id='line_1_17' title="bbox 139 1902 1216 1982; baseline 0.001 -16"><span class='ocrx_word' id='word_1_123' title='bbox 139 1923 211 1966; x_wconf 91' lang='lat' dir='ltr'><strong>nam</strong></span> <span class='ocrx_word' id='word_1_124' title='bbox 226 1906 416 1966; x_wconf 89' lang='lat' dir='ltr'><strong>mentionem</strong></span> <span class='ocrx_word' id='word_1_125' title='bbox 431 1902 629 1965; x_wconf 87' lang='lat' dir='ltr'><strong>honorificam</strong></span> <span class='ocrx_word' id='word_1_126' title='bbox 645 1903 717 1963; x_wconf 88' lang='lat' dir='ltr'><strong>lacit</strong></span> <span class='ocrx_word' id='word_1_127' title='bbox 734 1902 774 1963; x_wconf 91' lang='lat' dir='ltr'><strong>de</strong></span> <span class='ocrx_word' id='word_1_128' title='bbox 786 1903 906 1963; x_wconf 89' lang='lat' dir='ltr'><strong>Joaune</strong></span> <span class='ocrx_word' id='word_1_129' title='bbox 917 1903 1058 1982; x_wconf 84' lang='lat' dir='ltr'><strong>Baptista</strong></span> <span class='ocrx_word' id='word_1_130' title='bbox 1067 1904 1088 1975; x_wconf 86' lang='lat'><strong>¹,</strong></span> <span class='ocrx_word' id='word_1_131' title='bbox 1101 1914 1216 1967; x_wconf 75' lang='lat' dir='ltr'><strong>morton</strong></span> 
     </span>
     <span class='ocr_line' id='line_1_18' title="bbox 140 1986 1216 2071; baseline 0.002 -20"><span class='ocrx_word' id='word_1_132' title='bbox 140 1991 221 2069; x_wconf 80' lang='lat' dir='ltr'><strong>regis</strong></span> <span class='ocrx_word' id='word_1_133' title='bbox 235 1991 380 2068; x_wconf 81' lang='lat' dir='ltr'><strong>Agrippae</strong></span> <span class='ocrx_word' id='word_1_134' title='bbox 394 1989 503 2050; x_wconf 91' lang='lat' dir='ltr'><strong>eodem</strong></span> <span class='ocrx_word' id='word_1_135' title='bbox 513 1989 605 2051; x_wconf 90' lang='lat' dir='ltr'><strong>modo</strong></span> <span class='ocrx_word' id='word_1_136' title='bbox 618 1986 776 2048; x_wconf 74' lang='lat' dir='ltr'><strong>recenset*</strong></span> <span class='ocrx_word' id='word_1_137' title='bbox 793 2003 828 2047; x_wconf 90' lang='lat' dir='ltr'><strong>ao</strong></span> <span class='ocrx_word' id='word_1_138' title='bbox 840 1987 937 2048; x_wconf 88' lang='lat' dir='ltr'><strong>Lucas</strong></span> <span class='ocrx_word' id='word_1_139' title='bbox 953 1988 988 2047; x_wconf 91' lang='lat' dir='ltr'><strong>in</strong></span> <span class='ocrx_word' id='word_1_140' title='bbox 1007 1990 1139 2052; x_wconf 79' lang='lat' dir='ltr'><strong>Actibus</strong></span> <span class='ocrx_word' id='word_1_141' title='bbox 1147 1992 1216 2071; x_wconf 76' lang='lat' dir='ltr'><strong>Aps·</strong></span> 
     </span>
     <span class='ocr_line' id='line_1_19' title="bbox 139 2069 1216 2149; baseline -0.001 -14"><span class='ocrx_word' id='word_1_142' title='bbox 139 2072 301 2144; x_wconf 88' lang='lat' dir='ltr'><strong>stolorum,</strong></span> <span class='ocrx_word' id='word_1_143' title='bbox 319 2082 350 2134; x_wconf 88' lang='lat' dir='ltr'><strong>et</strong></span> <span class='ocrx_word' id='word_1_144' title='bbox 363 2074 484 2145; x_wconf 89' lang='lat' dir='ltr'><strong>scribit,</strong></span> <span class='ocrx_word' id='word_1_145' title='bbox 497 2074 640 2135; x_wconf 78' lang='lat' dir='ltr'><strong>locabam</strong></span> <span class='ocrx_word' id='word_1_146' title='bbox 656 2069 780 2148; x_wconf 71' lang='lat' dir='ltr'><strong>fratrem</strong></span> <span class='ocrx_word' id='word_1_147' title='bbox 797 2073 880 2141; x_wconf 76' lang='lat' dir='ltr'><strong>desa,</strong></span> <span class='ocrx_word' id='word_1_148' title='bbox 896 2072 949 2149; x_wconf 78' lang='lat' dir='ltr'><strong>qai</strong></span> <span class='ocrx_word' id='word_1_149' title='bbox 959 2073 1075 2134; x_wconf 72' lang='lat' dir='ltr'><strong>dicitur</strong></span> <span class='ocrx_word' id='word_1_150' title='bbox 1082 2074 1216 2145; x_wconf 60' lang='grc' dir='ltr'><strong>(ΜΝ,</strong></span> 
     </span>
     <span class='ocr_line' id='line_1_20' title="bbox 139 2157 1216 2238; baseline 0.005 -21"><span class='ocrx_word' id='word_1_151' title='bbox 139 2157 293 2238; x_wconf 87' lang='lat' dir='ltr'><strong>lapidibus</strong></span> <span class='ocrx_word' id='word_1_152' title='bbox 314 2160 455 2219; x_wconf 88' lang='lat' dir='ltr'><strong>obrutum</strong></span> <span class='ocrx_word' id='word_1_153' title='bbox 472 2158 563 2218; x_wconf 74' lang='lat' dir='ltr'><strong>lmsse</strong></span> <span class='ocrx_word' id='word_1_154' title='bbox 580 2157 665 2234; x_wconf 87' lang='lat' dir='ltr'><strong>jussu</strong></span> <span class='ocrx_word' id='word_1_155' title='bbox 688 2157 787 2217; x_wconf 78' lang='lat' dir='ltr'><strong>dnani</strong></span> <span class='ocrx_word' id='word_1_156' title='bbox 805 2158 913 2217; x_wconf 89' lang='lat' dir='ltr'><strong>summi</strong></span> <span class='ocrx_word' id='word_1_157' title='bbox 932 2158 1091 2236; x_wconf 85' lang='lat' dir='ltr'><strong>pontilicis</strong></span> <span class='ocrx_word' id='word_1_158' title='bbox 1106 2160 1216 2221; x_wconf 77' lang='lat' dir='ltr'><strong>Judaeo·</strong></span> 
     </span>
     <span class='ocr_line' id='line_1_21' title="bbox 140 2230 1216 2325; baseline 0.005 -21"><span class='ocrx_word' id='word_1_159' title='bbox 140 2230 236 2305; x_wconf 80' lang='lat' dir='ltr'><strong>rum&#39;.</strong></span> <span class='ocrx_word' id='word_1_160' title='bbox 257 2246 303 2305; x_wconf 89' lang='lat' dir='ltr'><strong>De</strong></span> <span class='ocrx_word' id='word_1_161' title='bbox 324 2245 476 2306; x_wconf 89' lang='lat' dir='ltr'><strong>seditione</strong></span> <span class='ocrx_word' id='word_1_162' title='bbox 495 2244 671 2305; x_wconf 79' lang='lat' dir='ltr'><strong>ludaeorum</strong></span> <span class='ocrx_word' id='word_1_163' title='bbox 689 2243 722 2303; x_wconf 94' lang='lat' dir='ltr'><strong>in</strong></span> <span class='ocrx_word' id='word_1_164' title='bbox 736 2244 876 2303; x_wconf 86' lang='lat' dir='ltr'><strong>Pontium</strong></span> <span class='ocrx_word' id='word_1_165' title='bbox 888 2243 1022 2305; x_wconf 88' lang='lat' dir='ltr'><strong>Pilatum</strong></span> <span class='ocrx_word' id='word_1_166' title='bbox 1035 2253 1103 2325; x_wconf 85' lang='lat' dir='ltr'><strong>post</strong></span> <span class='ocrx_word' id='word_1_167' title='bbox 1113 2245 1216 2309; x_wconf 83' lang='lat' dir='ltr'><strong>Gbrisb&#39;</strong></span> 
     </span>
     <span class='ocr_line' id='line_1_22' title="bbox 140 2327 1215 2410; baseline 0.005 -20"><span class='ocrx_word' id='word_1_168' title='bbox 140 2338 271 2392; x_wconf 89' lang='lat' dir='ltr'><strong>mortem</strong></span> <span class='ocrx_word' id='word_1_169' title='bbox 283 2337 387 2391; x_wconf 82' lang='lat' dir='ltr'><strong>exorta</strong></span> <span class='ocrx_word' id='word_1_170' title='bbox 399 2329 536 2406; x_wconf 87' lang='lat' dir='ltr'><strong>loquens,</strong></span> <span class='ocrx_word' id='word_1_171' title='bbox 545 2329 666 2407; x_wconf 78' lang='lat' dir='ltr'><strong>insigne</strong></span> <span class='ocrx_word' id='word_1_172' title='bbox 680 2327 740 2390; x_wconf 90' lang='lat' dir='ltr'><strong>boc</strong></span> <span class='ocrx_word' id='word_1_173' title='bbox 751 2328 790 2390; x_wconf 88' lang='lat' dir='ltr'><strong>de</strong></span> <span class='ocrx_word' id='word_1_174' title='bbox 799 2330 818 2388; x_wconf 84' lang='lat' dir='ltr'><strong>d</strong></span> <span class='ocrx_word' id='word_1_175' title='bbox 821 2346 874 2390; x_wconf 90' lang='lat' dir='ltr'><strong>esu</strong></span> <span class='ocrx_word' id='word_1_176' title='bbox 884 2327 1010 2410; x_wconf 79' lang='lat' dir='ltr'><strong>Christo</strong></span> <span class='ocrx_word' id='word_1_177' title='bbox 1021 2333 1215 2397; x_wconf 81' lang='lat' dir='ltr'><strong>testimouium</strong></span> 
     </span>
     <span class='ocr_line' id='line_1_23' title="bbox 141 2413 1215 2495; baseline 0.008 -21"><span class='ocrx_word' id='word_1_178' title='bbox 141 2417 235 2478; x_wconf 81' lang='lat' dir='ltr'><strong>refert</strong></span> <span class='ocrx_word' id='word_1_179' title='bbox 256 2434 264 2474; x_wconf 78' lang='lat' dir='ltr'><em>z</em></span> <span class='ocrx_word' id='word_1_180' title='bbox 287 2435 303 2471; x_wconf 80' lang='lat' dir='ltr'><strong>c</strong></span> <span class='ocrx_word' id='word_1_181' title='bbox 325 2413 442 2474; x_wconf 90' lang='lat' dir='ltr'><strong>Eodem</strong></span> <span class='ocrx_word' id='word_1_182' title='bbox 460 2421 612 2490; x_wconf 87' lang='lat' dir='ltr'><strong>tempore,</strong></span> <span class='ocrx_word' id='word_1_183' title='bbox 633 2413 758 2482; x_wconf 87' lang='lat' dir='ltr'><strong>ait‚luit</strong></span> <span class='ocrx_word' id='word_1_184' title='bbox 776 2415 866 2474; x_wconf 79' lang='lat' dir='ltr'><strong>lesus</strong></span> <span class='ocrx_word' id='word_1_185' title='bbox 879 2414 928 2474; x_wconf 85' lang='lat' dir='ltr'><strong>vir</strong></span> <span class='ocrx_word' id='word_1_186' title='bbox 940 2416 1215 2495; x_wconf 69' lang='lat' dir='ltr'><strong>sapiensuunm</strong></span> 
     </span>
     <span class='ocr_line' id='line_1_24' title="bbox 143 2496 1215 2585; baseline 0.008 -28"><span class='ocrx_word' id='word_1_187' title='bbox 143 2501 271 2562; x_wconf 80' lang='lat' dir='ltr'><strong>»virum</strong></span> <span class='ocrx_word' id='word_1_188' title='bbox 284 2515 354 2559; x_wconf 91' lang='lat' dir='ltr'><strong>cum</strong></span> <span class='ocrx_word' id='word_1_189' title='bbox 364 2499 407 2559; x_wconf 89' lang='lat' dir='ltr'><strong>las</strong></span> <span class='ocrx_word' id='word_1_190' title='bbox 420 2505 467 2558; x_wconf 88' lang='lat' dir='ltr'><strong>est</strong></span> <span class='ocrx_word' id='word_1_191' title='bbox 479 2496 598 2568; x_wconf 66' lang='lat' dir='ltr'><strong>dicem</strong></span> <span class='ocrx_word' id='word_1_192' title='bbox 614 2505 680 2558; x_wconf 89' lang='lat' dir='ltr'><strong>erat</strong></span> <span class='ocrx_word' id='word_1_193' title='bbox 696 2498 780 2558; x_wconf 90' lang='lat' dir='ltr'><strong>enim</strong></span> <span class='ocrx_word' id='word_1_194' title='bbox 791 2499 980 2560; x_wconf 90' lang='lat' dir='ltr'><strong>mirabilium</strong></span> <span class='ocrx_word' id='word_1_195' title='bbox 992 2518 1125 2580; x_wconf 83' lang='lat' dir='ltr'><strong>operum</strong></span> <span class='ocrx_word' id='word_1_196' title='bbox 1132 2512 1215 2585; x_wconf 73' lang='lat' dir='ltr'><strong>patra</strong></span> 
     </span>
     <span class='ocr_line' id='line_1_25' title="bbox 143 2583 1215 2671; baseline 0.012 -31"><span class='ocrx_word' id='word_1_197' title='bbox 143 2606 158 2641; x_wconf 89' lang='lat'>»</span> <span class='ocrx_word' id='word_1_198' title='bbox 172 2593 234 2655; x_wconf 86' lang='lat' dir='ltr'><strong>tor,</strong></span> <span class='ocrx_word' id='word_1_199' title='bbox 247 2591 279 2646; x_wconf 91' lang='lat' dir='ltr'><strong>et</strong></span> <span class='ocrx_word' id='word_1_200' title='bbox 293 2583 400 2646; x_wconf 91' lang='lat' dir='ltr'><strong>doctor</strong></span> <span class='ocrx_word' id='word_1_201' title='bbox 416 2600 523 2644; x_wconf 79' lang='lat' dir='ltr'><strong>eortmr</strong></span> <span class='ocrx_word' id='word_1_202' title='bbox 545 2583 598 2661; x_wconf 83' lang='lat' dir='ltr'><strong>qui</strong></span> <span class='ocrx_word' id='word_1_203' title='bbox 616 2584 753 2645; x_wconf 90' lang='lat' dir='ltr'><strong>libenter</strong></span> <span class='ocrx_word' id='word_1_204' title='bbox 774 2602 848 2646; x_wconf 80' lang='lat' dir='ltr'><strong>vera</strong></span> <span class='ocrx_word' id='word_1_205' title='bbox 863 2586 1054 2666; x_wconf 87' lang='lat' dir='ltr'><strong>suscipiunt,</strong></span> <span class='ocrx_word' id='word_1_206' title='bbox 1073 2589 1215 2671; x_wconf 76' lang='lat' dir='ltr'><strong>pimino</strong></span> 
     </span>
     <span class='ocr_line' id='line_1_26' title="bbox 142 2669 1214 2749; baseline 0.008 -23"><span class='ocrx_word' id='word_1_207' title='bbox 142 2691 158 2727; x_wconf 77' lang='lat' dir='ltr'><strong>n</strong></span> <span class='ocrx_word' id='word_1_208' title='bbox 172 2689 232 2749; x_wconf 85' lang='lat' dir='ltr'><strong>que</strong></span> <span class='ocrx_word' id='word_1_209' title='bbox 252 2680 315 2733; x_wconf 88' lang='lat' dir='ltr'><strong>tam</strong></span> <span class='ocrx_word' id='word_1_210' title='bbox 337 2670 376 2731; x_wconf 92' lang='lat' dir='ltr'><strong>de</strong></span> <span class='ocrx_word' id='word_1_211' title='bbox 397 2670 527 2740; x_wconf 73' lang='lat' dir='ltr'><strong>iudeis,</strong></span> <span class='ocrx_word' id='word_1_212' title='bbox 549 2687 639 2748; x_wconf 85' lang='lat' dir='ltr'><strong>quam</strong></span> <span class='ocrx_word' id='word_1_213' title='bbox 659 2669 699 2730; x_wconf 90' lang='lat' dir='ltr'><strong>de</strong></span> <span class='ocrx_word' id='word_1_214' title='bbox 722 2671 888 2743; x_wconf 83' lang='lat' dir='ltr'><strong>Gentibus,</strong></span> <span class='ocrx_word' id='word_1_215' title='bbox 902 2679 1075 2736; x_wconf 86' lang='lat' dir='ltr'><strong>sectatores</strong></span> <span class='ocrx_word' id='word_1_216' title='bbox 1094 2676 1214 2739; x_wconf 83' lang='lat' dir='ltr'><strong>babuit:</strong></span> 
     </span>
     <span class='ocr_line' id='line_1_27' title="bbox 142 2757 1214 2845; baseline 0.01 -32"><span class='ocrx_word' id='word_1_217' title='bbox 142 2778 158 2815; x_wconf 81' lang='lat' dir='ltr'><strong>n</strong></span> <span class='ocrx_word' id='word_1_218' title='bbox 171 2757 309 2818; x_wconf 88' lang='lat' dir='ltr'><strong>Christus</strong></span> <span class='ocrx_word' id='word_1_219' title='bbox 321 2757 373 2818; x_wconf 92' lang='lat' dir='ltr'><strong>bic</strong></span> <span class='ocrx_word' id='word_1_220' title='bbox 385 2765 465 2829; x_wconf 88' lang='lat' dir='ltr'><strong>erat,</strong></span> <span class='ocrx_word' id='word_1_221' title='bbox 478 2774 570 2835; x_wconf 89' lang='lat' dir='ltr'><strong>quem</strong></span> <span class='ocrx_word' id='word_1_222' title='bbox 582 2764 753 2818; x_wconf 90' lang='lat' dir='ltr'><strong>accusatum</strong></span> <span class='ocrx_word' id='word_1_223' title='bbox 765 2774 782 2817; x_wconf 93' lang='lat' dir='ltr'><strong>a</strong></span> <span class='ocrx_word' id='word_1_224' title='bbox 792 2766 901 2818; x_wconf 85' lang='lat' dir='ltr'><strong>nostrae</strong></span> <span class='ocrx_word' id='word_1_225' title='bbox 917 2760 1214 2845; x_wconf 79' lang='lat' dir='ltr'><strong>gontisprineipibrs.</strong></span> 
     </span>
     <span class='ocr_line' id='line_1_28' title="bbox 142 2843 1215 2914; baseline 0.014 -16"><span class='ocrx_word' id='word_1_226' title='bbox 142 2844 283 2903; x_wconf 78' lang='lat' dir='ltr'><strong>»Pilatus</strong></span> <span class='ocrx_word' id='word_1_227' title='bbox 296 2860 365 2903; x_wconf 91' lang='lat' dir='ltr'><strong>cum</strong></span> <span class='ocrx_word' id='word_1_228' title='bbox 378 2844 544 2904; x_wconf 84' lang='lat' dir='ltr'><strong>addixisset</strong></span> <span class='ocrx_word' id='word_1_229' title='bbox 556 2843 864 2914; x_wconf 85' lang='lat' dir='ltr'><strong>cruci,nil1ilominus</strong></span> <span class='ocrx_word' id='word_1_230' title='bbox 882 2863 945 2906; x_wconf 92' lang='lat' dir='ltr'><strong>non</strong></span> <span class='ocrx_word' id='word_1_231' title='bbox 963 2845 1150 2911; x_wconf 86' lang='lat' dir='ltr'><strong>destiterunt</strong></span> <span class='ocrx_word' id='word_1_232' title='bbox 1159 2866 1215 2913; x_wconf 73' lang='lat' dir='ltr'><strong>m</strong></span> 
     </span>
     <span class='ocr_line' id='line_1_29' title="bbox 144 2926 1215 3008; baseline 0.014 -24"><span class='ocrx_word' id='word_1_233' title='bbox 144 2949 158 2983; x_wconf 81' lang='lat' dir='ltr'><strong>n</strong></span> <span class='ocrx_word' id='word_1_234' title='bbox 172 2926 317 3005; x_wconf 79' lang='lat' dir='ltr'><strong>diligere,</strong></span> <span class='ocrx_word' id='word_1_235' title='bbox 332 2927 384 3004; x_wconf 89' lang='lat' dir='ltr'><strong>qui</strong></span> <span class='ocrx_word' id='word_1_236' title='bbox 404 2928 442 2987; x_wconf 89' lang='lat' dir='ltr'><strong>ab</strong></span> <span class='ocrx_word' id='word_1_237' title='bbox 459 2928 549 2987; x_wconf 90' lang='lat' dir='ltr'><strong>initio</strong></span> <span class='ocrx_word' id='word_1_238' title='bbox 566 2936 736 3008; x_wconf 80' lang='lat' dir='ltr'><strong>emperant;</strong></span> <span class='ocrx_word' id='word_1_239' title='bbox 755 2930 894 3008; x_wconf 90' lang='lat' dir='ltr'><strong>apparuit</strong></span> <span class='ocrx_word' id='word_1_240' title='bbox 911 2931 997 2991; x_wconf 91' lang='lat' dir='ltr'><strong>euim</strong></span> <span class='ocrx_word' id='word_1_241' title='bbox 1009 2933 1059 2996; x_wconf 88' lang='lat' dir='ltr'><strong>eis</strong></span> <span class='ocrx_word' id='word_1_242' title='bbox 1071 2937 1161 2999; x_wconf 81' lang='lat' dir='ltr'><strong>tertia</strong></span> <span class='ocrx_word' id='word_1_243' title='bbox 1174 2935 1215 2998; x_wconf 79' lang='lat' dir='ltr'><strong>dis</strong></span> 
     </span>
     <span class='ocr_line' id='line_1_30' title="bbox 144 3012 1215 3098; baseline 0.01 -31"><span class='ocrx_word' id='word_1_244' title='bbox 144 3030 158 3067; x_wconf 75' lang='lat' dir='ltr'><strong>a</strong></span> <span class='ocrx_word' id='word_1_245' title='bbox 172 3013 270 3083; x_wconf 83' lang='lat' dir='ltr'><strong>vivus,</strong></span> <span class='ocrx_word' id='word_1_246' title='bbox 281 3012 323 3072; x_wconf 92' lang='lat' dir='ltr'><strong>ita</strong></span> <span class='ocrx_word' id='word_1_247' title='bbox 338 3019 372 3072; x_wconf 88' lang='lat' dir='ltr'><strong>ut</strong></span> <span class='ocrx_word' id='word_1_248' title='bbox 385 3012 531 3074; x_wconf 84' lang='lat' dir='ltr'><strong>divinitus</strong></span> <span class='ocrx_word' id='word_1_249' title='bbox 544 3013 583 3074; x_wconf 89' lang='lat' dir='ltr'><strong>de</strong></span> <span class='ocrx_word' id='word_1_250' title='bbox 594 3031 631 3074; x_wconf 94' lang='lat' dir='ltr'><strong>eo</strong></span> <span class='ocrx_word' id='word_1_251' title='bbox 640 3013 791 3075; x_wconf 87' lang='lat' dir='ltr'><strong>vatcsboo</strong></span> <span class='ocrx_word' id='word_1_252' title='bbox 800 3015 899 3075; x_wconf 84' lang='lat' dir='ltr'><strong>atalia</strong></span> <span class='ocrx_word' id='word_1_253' title='bbox 908 3016 1004 3077; x_wconf 90' lang='lat' dir='ltr'><strong>multa</strong></span> <span class='ocrx_word' id='word_1_254' title='bbox 1014 3019 1215 3098; x_wconf 76' lang='lat' dir='ltr'><strong>praedixcrlnt;</strong></span> 
     </span>
     <span class='ocr_line' id='line_1_31' title="bbox 142 3098 1216 3182; baseline 0.017 -28"><span class='ocrx_word' id='word_1_255' title='bbox 142 3119 157 3155; x_wconf 79' lang='lat' dir='ltr'><strong>s</strong></span> <span class='ocrx_word' id='word_1_256' title='bbox 170 3106 201 3159; x_wconf 89' lang='lat' dir='ltr'><strong>et</strong></span> <span class='ocrx_word' id='word_1_257' title='bbox 212 3116 307 3176; x_wconf 84' lang='lat' dir='ltr'><strong>usque</strong></span> <span class='ocrx_word' id='word_1_258' title='bbox 319 3098 353 3159; x_wconf 93' lang='lat' dir='ltr'><strong>in</strong></span> <span class='ocrx_word' id='word_1_259' title='bbox 364 3098 547 3160; x_wconf 87' lang='lat' dir='ltr'><strong>hodiernum</strong></span> <span class='ocrx_word' id='word_1_260' title='bbox 559 3098 643 3160; x_wconf 92' lang='lat' dir='ltr'><strong>diem</strong></span> <span class='ocrx_word' id='word_1_261' title='bbox 655 3098 895 3162; x_wconf 87' lang='lat' dir='ltr'><strong>Christianorum</strong></span> <span class='ocrx_word' id='word_1_262' title='bbox 906 3118 1006 3182; x_wconf 80' lang='lat' dir='ltr'><strong>genus</strong></span> <span class='ocrx_word' id='word_1_263' title='bbox 1016 3105 1059 3167; x_wconf 92' lang='lat' dir='ltr'><strong>ab</strong></span> <span class='ocrx_word' id='word_1_264' title='bbox 1067 3106 1216 3171; x_wconf 62' lang='lat' dir='ltr'><strong>bocum</strong></span> 
     </span>
     <span class='ocr_line' id='line_1_32' title="bbox 142 3173 566 3246; baseline 0 -5"><span class='ocrx_word' id='word_1_265' title='bbox 142 3205 158 3241; x_wconf 79' lang='lat' dir='ltr'><strong>o</strong></span> <span class='ocrx_word' id='word_1_266' title='bbox 169 3184 316 3245; x_wconf 87' lang='lat' dir='ltr'><strong>minatmn</strong></span> <span class='ocrx_word' id='word_1_267' title='bbox 328 3202 389 3244; x_wconf 93' lang='lat' dir='ltr'><strong>non</strong></span> <span class='ocrx_word' id='word_1_268' title='bbox 403 3173 536 3246; x_wconf 75' lang='lat' dir='ltr'><strong>delicit‘.</strong></span> <span class='ocrx_word' id='word_1_269' title='bbox 550 3205 566 3241; x_wconf 82' lang='lat' dir='ltr'><strong>o</strong></span> 
     </span>
    </p>

    <p class='ocr_par' dir='ltr' id='par_1_6' title="bbox 139 3268 1238 3440">
     <span class='ocr_line' id='line_1_33' title="bbox 176 3268 1215 3357; baseline 0.013 -24"><span class='ocrx_word' id='word_1_270' title='bbox 176 3270 254 3334; x_wconf 82' lang='lat' dir='ltr'><strong>Sed.</strong></span> <span class='ocrx_word' id='word_1_271' title='bbox 267 3271 352 3330; x_wconf 82' lang='lat' dir='ltr'><strong>aiunt</strong></span> <span class='ocrx_word' id='word_1_272' title='bbox 360 3270 488 3343; x_wconf 80' lang='lat' dir='ltr'><strong>Deistae,</strong></span> <span class='ocrx_word' id='word_1_273' title='bbox 503 3268 561 3331; x_wconf 84' lang='lat' dir='ltr'><strong>lroc</strong></span> <span class='ocrx_word' id='word_1_274' title='bbox 573 3272 701 3350; x_wconf 86' lang='lat' dir='ltr'><strong>dosepbi</strong></span> <span class='ocrx_word' id='word_1_275' title='bbox 714 3273 921 3335; x_wconf 89' lang='lat' dir='ltr'><strong>testimonium</strong></span> <span class='ocrx_word' id='word_1_276' title='bbox 933 3277 1030 3341; x_wconf 89' lang='lat' dir='ltr'><strong>nimis</strong></span> <span class='ocrx_word' id='word_1_277' title='bbox 1042 3280 1160 3345; x_wconf 78' lang='lat' dir='ltr'><strong>clam</strong></span> <span class='ocrx_word' id='word_1_278' title='bbox 1168 3286 1215 3357; x_wconf 79' lang='lat' dir='ltr'><strong>att,</strong></span> 
     </span>
     <span class='ocr_line' id='line_1_34' title="bbox 139 3355 1238 3440; baseline 0.01 -23"><span class='ocrx_word' id='word_1_279' title='bbox 139 3357 268 3440; x_wconf 92' lang='lat' dir='ltr'><strong>proinde</strong></span> <span class='ocrx_word' id='word_1_280' title='bbox 281 3374 299 3417; x_wconf 92' lang='lat' dir='ltr'><strong>a</strong></span> <span class='ocrx_word' id='word_1_281' title='bbox 311 3357 484 3421; x_wconf 84' lang='lat' dir='ltr'><strong>Christiano</strong></span> <span class='ocrx_word' id='word_1_282' title='bbox 497 3355 598 3434; x_wconf 80' lang='lat' dir='ltr'><strong>aliquo</strong></span> <span class='ocrx_word' id='word_1_283' title='bbox 611 3359 705 3439; x_wconf 90' lang='lat' dir='ltr'><strong>ipsius</strong></span> <span class='ocrx_word' id='word_1_284' title='bbox 716 3361 860 3439; x_wconf 84' lang='lat' dir='ltr'><strong>operibus</strong></span> <span class='ocrx_word' id='word_1_285' title='bbox 872 3362 1024 3426; x_wconf 84' lang='lat' dir='ltr'><strong>insertum</strong></span> <span class='ocrx_word' id='word_1_286' title='bbox 1037 3375 1099 3432; x_wconf 87' lang='lat' dir='ltr'><strong>est.</strong></span> <span class='ocrx_word' id='word_1_287' title='bbox 1136 3390 1141 3401; x_wconf 61' lang='lat'><strong><em>⁴</em></strong></span> <span class='ocrx_word' id='word_1_288' title='bbox 1230 3357 1238 3374; x_wconf 86' lang='lat'>&#39;</span> 
     </span>
    </p>

    <p class='ocr_par' dir='ltr' id='par_1_7' title="bbox 139 3441 1216 3960">
     <span class='ocr_line' id='line_1_35' title="bbox 175 3441 1215 3520; baseline 0.012 -15"><span class='ocrx_word' id='word_1_289' title='bbox 175 3443 237 3505; x_wconf 88' lang='lat' dir='ltr'><strong>Sed</strong></span> <span class='ocrx_word' id='word_1_290' title='bbox 249 3441 323 3520; x_wconf 89' lang='lat' dir='ltr'><strong>quid</strong></span> <span class='ocrx_word' id='word_1_291' title='bbox 335 3460 404 3503; x_wconf 91' lang='lat' dir='ltr'><strong>cum</strong></span> <span class='ocrx_word' id='word_1_292' title='bbox 415 3442 529 3504; x_wconf 87' lang='lat' dir='ltr'><strong>Deistis</strong></span> <span class='ocrx_word' id='word_1_293' title='bbox 541 3443 730 3516; x_wconf 72' lang='lat' dir='ltr'><strong>laciendum?</strong></span> <span class='ocrx_word' id='word_1_294' title='bbox 743 3448 931 3510; x_wconf 87' lang='lat' dir='ltr'><strong>Testimonia</strong></span> <span class='ocrx_word' id='word_1_295' title='bbox 943 3450 1145 3517; x_wconf 76' lang='lat' dir='ltr'><strong>inimicam</strong></span> <span class='ocrx_word' id='word_1_296' title='bbox 1154 3455 1215 3517; x_wconf 70' lang='lat' dir='ltr'><strong>du</strong></span> 
     </span>
     <span class='ocr_line' id='line_1_36' title="bbox 140 3527 1215 3611; baseline 0.013 -21"><span class='ocrx_word' id='word_1_297' title='bbox 140 3529 344 3609; x_wconf 80' lang='lat' dir='ltr'><strong>expostulant,</strong></span> <span class='ocrx_word' id='word_1_298' title='bbox 361 3535 392 3589; x_wconf 91' lang='lat' dir='ltr'><strong>et</strong></span> <span class='ocrx_word' id='word_1_299' title='bbox 411 3527 532 3605; x_wconf 85' lang='lat' dir='ltr'><strong>quaudo</strong></span> <span class='ocrx_word' id='word_1_300' title='bbox 551 3529 605 3589; x_wconf 91' lang='lat' dir='ltr'><strong>illa</strong></span> <span class='ocrx_word' id='word_1_301' title='bbox 620 3531 809 3593; x_wconf 88' lang='lat' dir='ltr'><strong>adducuntur</strong></span> <span class='ocrx_word' id='word_1_302' title='bbox 825 3540 895 3594; x_wconf 91' lang='lat' dir='ltr'><strong>sunt</strong></span> <span class='ocrx_word' id='word_1_303' title='bbox 915 3535 1009 3598; x_wconf 89' lang='lat' dir='ltr'><strong>nimis</strong></span> <span class='ocrx_word' id='word_1_304' title='bbox 1022 3538 1215 3611; x_wconf 69' lang='lat' dir='ltr'><strong>clamim</strong></span> 
     </span>
     <span class='ocr_line' id='line_1_37' title="bbox 140 3608 1216 3696; baseline 0.014 -22"><span class='ocrx_word' id='word_1_305' title='bbox 140 3615 223 3674; x_wconf 86' lang='lat' dir='ltr'><strong>laisa.</strong></span> <span class='ocrx_word' id='word_1_306' title='bbox 238 3608 380 3673; x_wconf 82' lang='lat' dir='ltr'><strong>Fatemur</strong></span> <span class='ocrx_word' id='word_1_307' title='bbox 396 3613 557 3674; x_wconf 93' lang='lat' dir='ltr'><strong>nonnullos</strong></span> <span class='ocrx_word' id='word_1_308' title='bbox 573 3614 762 3678; x_wconf 88' lang='lat' dir='ltr'><strong>Christianos</strong></span> <span class='ocrx_word' id='word_1_309' title='bbox 774 3618 889 3696; x_wconf 86' lang='lat' dir='ltr'><strong>pariter</strong></span> <span class='ocrx_word' id='word_1_310' title='bbox 902 3620 1100 3686; x_wconf 85' lang='lat' dir='ltr'><strong>existimasse</strong></span> <span class='ocrx_word' id='word_1_311' title='bbox 1111 3624 1216 3687; x_wconf 75' lang='lat' dir='ltr'><strong>dion</strong></span> 
     </span>
     <span class='ocr_line' id='line_1_38' title="bbox 139 3696 1215 3780; baseline 0.013 -21"><span class='ocrx_word' id='word_1_312' title='bbox 139 3700 185 3759; x_wconf 86' lang='lat' dir='ltr'><strong>Fl.</strong></span> <span class='ocrx_word' id='word_1_313' title='bbox 195 3696 322 3775; x_wconf 87' lang='lat' dir='ltr'><strong>Josepbi</strong></span> <span class='ocrx_word' id='word_1_314' title='bbox 332 3697 539 3778; x_wconf 89' lang='lat' dir='ltr'><strong>testimonium</strong></span> <span class='ocrx_word' id='word_1_315' title='bbox 551 3715 617 3762; x_wconf 89' lang='lat' dir='ltr'><strong>esse</strong></span> <span class='ocrx_word' id='word_1_316' title='bbox 631 3701 853 3780; x_wconf 70' lang='lat' dir='ltr'><strong>apocryphum</strong></span> <span class='ocrx_word' id='word_1_317' title='bbox 875 3708 906 3762; x_wconf 89' lang='lat' dir='ltr'><strong>at</strong></span> <span class='ocrx_word' id='word_1_318' title='bbox 917 3703 1001 3766; x_wconf 89' lang='lat' dir='ltr'><strong>istud</strong></span> <span class='ocrx_word' id='word_1_319' title='bbox 1018 3709 1215 3771; x_wconf 71' lang='lat' dir='ltr'><strong>tesumontn</strong></span> 
     </span>
     <span class='ocr_line' id='line_1_39' title="bbox 139 3782 1216 3863; baseline 0.006 -20"><span class='ocrx_word' id='word_1_320' title='bbox 139 3782 273 3863; x_wconf 83' lang='lat' dir='ltr'><strong>dosepbo</strong></span> <span class='ocrx_word' id='word_1_321' title='bbox 291 3783 414 3844; x_wconf 88' lang='lat' dir='ltr'><strong>hebraeo</strong></span> <span class='ocrx_word' id='word_1_322' title='bbox 434 3783 523 3845; x_wconf 81' lang='lat' dir='ltr'><strong>facile</strong></span> <span class='ocrx_word' id='word_1_323' title='bbox 543 3785 715 3847; x_wconf 88' lang='lat' dir='ltr'><strong>vindicatur</strong></span> <span class='ocrx_word' id='word_1_324' title='bbox 732 3805 825 3848; x_wconf 90' lang='lat' dir='ltr'><strong>:cum</strong></span> <span class='ocrx_word' id='word_1_325' title='bbox 843 3788 926 3848; x_wconf 92' lang='lat' dir='ltr'><strong>enim</strong></span> <span class='ocrx_word' id='word_1_326' title='bbox 943 3789 975 3848; x_wconf 74' lang='grc' dir='ltr'><strong>Γ</strong></span> <span class='ocrx_word' id='word_1_327' title='bbox 993 3794 1150 3857; x_wconf 68' lang='lat' dir='ltr'><strong>scribsi-ct</strong></span> <span class='ocrx_word' id='word_1_328' title='bbox 1162 3793 1216 3855; x_wconf 82' lang='lat' dir='ltr'><strong>bis·</strong></span> 
     </span>
     <span class='ocr_line' id='line_1_40' title="bbox 140 3868 1216 3960; baseline 0.011 -33"><span class='ocrx_word' id='word_1_329' title='bbox 140 3869 248 3929; x_wconf 90' lang='lat' dir='ltr'><strong>toriam</strong></span> <span class='ocrx_word' id='word_1_330' title='bbox 259 3886 321 3930; x_wconf 81' lang='lat' dir='ltr'><strong>suae</strong></span> <span class='ocrx_word' id='word_1_331' title='bbox 333 3868 466 3928; x_wconf 91' lang='lat' dir='ltr'><strong>nationis</strong></span> <span class='ocrx_word' id='word_1_332' title='bbox 481 3871 569 3930; x_wconf 90' lang='lat' dir='ltr'><strong>etsui</strong></span> <span class='ocrx_word' id='word_1_333' title='bbox 581 3871 742 3951; x_wconf 88' lang='lat' dir='ltr'><strong>temporis,</strong></span> <span class='ocrx_word' id='word_1_334' title='bbox 753 3871 835 3933; x_wconf 90' lang='lat' dir='ltr'><strong>bona</strong></span> <span class='ocrx_word' id='word_1_335' title='bbox 847 3870 923 3934; x_wconf 86' lang='lat' dir='ltr'><strong>tides</strong></span> <span class='ocrx_word' id='word_1_336' title='bbox 941 3873 1032 3937; x_wconf 87' lang='lat' dir='ltr'><strong>illum</strong></span> <span class='ocrx_word' id='word_1_337' title='bbox 1043 3876 1216 3960; x_wconf 74' lang='lat' dir='ltr'><strong>cogebatds</strong></span> 
     </span>
    </p>
   </div>
   <div class='ocr_carea' id='block_1_5' title="bbox 140 3987 1215 4123">
    <p class='ocr_par' dir='ltr' id='par_1_8' title="bbox 140 3987 1215 4123">
     <span class='ocr_line' id='line_1_41' title="bbox 171 3987 1215 4065; baseline 0.011 -28"><span class='ocrx_word' id='word_1_338' title='bbox 171 3987 180 4023; x_wconf 88' lang='lat'>¹</span> <span class='ocrx_word' id='word_1_339' title='bbox 192 3992 226 4038; x_wconf 84' lang='lat' dir='ltr'><strong>n.</strong></span> <span class='ocrx_word' id='word_1_340' title='bbox 237 3991 301 4051; x_wconf 65' lang='lat' dir='ltr'><strong>sos,</strong></span> <span class='ocrx_word' id='word_1_341' title='bbox 311 3991 357 4042; x_wconf 81' lang='lat' dir='ltr'><strong>nt.</strong></span> <span class='ocrx_word' id='word_1_342' title='bbox 369 3992 407 4042; x_wconf 79' lang='lat' dir='ltr'><strong>aa.</strong></span> <span class='ocrx_word' id='word_1_343' title='bbox 419 3991 515 4052; x_wconf 58' lang='lat' dir='ltr'><strong>instra,</strong></span> <span class='ocrx_word' id='word_1_344' title='bbox 527 4005 550 4040; x_wconf 79' lang='lat' dir='ltr'><strong>c.</strong></span> <span class='ocrx_word' id='word_1_345' title='bbox 561 3994 585 4041; x_wconf 85' lang='lat' dir='ltr'><strong>r.</strong></span> <span class='ocrx_word' id='word_1_346' title='bbox 594 3989 721 4054; x_wconf 67' lang='lat' dir='ltr'><strong>-truru,</strong></span> <span class='ocrx_word' id='word_1_347' title='bbox 732 3994 777 4043; x_wconf 81' lang='lat' dir='ltr'><strong>us.</strong></span> <span class='ocrx_word' id='word_1_348' title='bbox 791 3995 835 4046; x_wconf 79' lang='lat' dir='ltr'><strong>ts.</strong></span> <span class='ocrx_word' id='word_1_349' title='bbox 846 4008 869 4044; x_wconf 75' lang='lat' dir='ltr'><strong>c.</strong></span> <span class='ocrx_word' id='word_1_350' title='bbox 880 3996 937 4044; x_wconf 82' lang='lat' dir='ltr'><strong>r.-</strong></span> <span class='ocrx_word' id='word_1_351' title='bbox 947 3992 1044 4062; x_wconf 69' lang='lat' dir='ltr'><strong>⁸unu,</strong></span> <span class='ocrx_word' id='word_1_352' title='bbox 1055 4001 1102 4053; x_wconf 77' lang='lat' dir='ltr'><strong>riu.</strong></span> <span class='ocrx_word' id='word_1_353' title='bbox 1112 4000 1215 4065; x_wconf 64' lang='lat' dir='ltr'><strong>saca</strong></span> 
     </span>
     <span class='ocr_line' id='line_1_42' title="bbox 140 4055 571 4123; baseline 0.009 -20"><span class='ocrx_word' id='word_1_354' title='bbox 140 4055 183 4094; x_wconf 75' lang='lat' dir='ltr'><strong>..a</strong></span> <span class='ocrx_word' id='word_1_355' title='bbox 195 4061 227 4106; x_wconf 81' lang='lat' dir='ltr'><strong>n.</strong></span> <span class='ocrx_word' id='word_1_356' title='bbox 243 4061 293 4108; x_wconf 64' lang='grc' dir='ltr'><strong>ιω.</strong></span> <span class='ocrx_word' id='word_1_357' title='bbox 311 4061 355 4107; x_wconf 77' lang='lat' dir='ltr'><strong>uu</strong></span> <span class='ocrx_word' id='word_1_358' title='bbox 368 4060 448 4120; x_wconf 75' lang='lat' dir='ltr'><strong>nnrrq.</strong></span> <span class='ocrx_word' id='word_1_359' title='bbox 461 4061 536 4123; x_wconf 61' lang='lat' dir='ltr'><strong>rac.</strong></span> <span class='ocrx_word' id='word_1_360' title='bbox 548 4060 571 4108; x_wconf 81' lang='lat' dir='ltr'><strong>a.</strong></span> 
     </span>
    </p>
   </div>
   <div class='ocr_carea' id='block_1_6' title="bbox 0 0 1367 4846">
    <p class='ocr_par' dir='ltr' id='par_1_9' title="bbox 0 0 1367 4846">
     <span class='ocr_line' id='line_1_43' title="bbox 0 0 1367 4846; baseline 0 0"><span class='ocrx_word' id='word_1_361' title='bbox 0 0 1367 4846; x_wconf 95' lang='lat' dir='ltr'><strong> </strong></span> 
     </span>
    </p>
   </div>
  </div>
 </body>
</html>
