2716 4838
293 521 341 568 Μ
359 518 547 570 DlVlSlONE
566 518 746 569 teutonis
766 518 862 566 APUD
881 515 1061 566 tlettnbtos.
1173 515 1217 564 llll

176 599 491 678 '²⁰Geu10n11182q112
500 610 544 663 ιὰ
556 610 720 672 orientalia
730 610 875 671 iordanis
889 617 920 670 et
935 610 1017 672 luere
1028 607 1220 671 Genezaretb

139 685 243 746 littora
258 700 354 763 nsque
367 685 406 748 ad
418 687 605 749 Hermonem
618 697 826 766 procumbat.

175 768 209 831 b'
225 772 378 833 Batbanea
393 771 434 833 ad
448 772 629 833 orientalem
647 772 887 845 Gaulontttoem
904 788 935 840 ct
950 781 1221 859 septentrionalem

141 855 366 918 Galeaniticlem
380 861 448 920 sita.

175 942 208 1002 6⁰
218 944 385 1009 Auranitis.
398 946 488 1005 etiam
501 947 608 1006 ituraea
619 952 725 1007 vocata
736 945 825 1020 (Luc.
835 947 863 1018 5,
877 945 920 1017 ll,
931 945 970 1008 acl
983 954 1220 1027 septentrionem

139 1025 317 1097 Bathaneue,
331 1035 362 1088 et
374 1029 524 1090 orientem
537 1028 754 1091 Gaulonititlis.

175 1112 207 1171 7⁰
219 1111 412 1174 Trachonitis
434 1114 473 1175 all
490 1115 641 1175 orientem
658 1113 813 1177 Caesaraeae
830 1116 980 1197 Philippi,
999 1117 1082 1179 etad
1097 1126 1218 1199 septen·

139 1199 270 1258 trionem
282 1198 481 1261 huraultitlis.

174 1281 207 1340 8⁰
220 1282 376 1360 Abylene,
388 1302 455 1362 qnae
468 1292 533 1345 erat
545 1291 657 1346 tractus
669 1286 834 1348 Phoeniciae
845 1288 925 1348 circa
935 1288 1093 1348 Libanum.
1106 1290 1219 1351 Vocula

139 1357 194 1425 init
206 1367 345 1446 hbylene
359 1369 497 1447 Lysaniae
509 1385 527 1428 a
539 1369 667 1447 Lysania
679 1371 744 1450 ejus
758 1371 908 1433 tetrarcha
920 1370 1009 1448 (Luc.
1021 1372 1051 1441 5,
1066 1373 1110 1448 l).

175 1453 249 1508 637.
260 1453 419 1516 Palaestina
429 1453 519 1516 modo
530 1455 586 1515 sub
596 1454 713 1517 ditione
723 1458 889 1518 'furcarum
900 1465 961 1529 est,
972 1458 1220 1536 atquedivitlitnr

139 1537 171 1597 in
189 1545 253 1599 tres
271 1538 432 1610 Melhoues',
445 1557 499 1600 seu
511 1548 610 1619 partes
624 1540 845 1611 haereditarias,
860 1550 1008 1619 quaesunt
1018 1543 1101 1613 iaia,
1111 1543 1219 1605 Loudd

139 1630 170 1683 et
182 1622 385 1702 Gulta;prima
396 1633 442 1686 est
451 1625 553 1686 matris
561 1626 752 1705 imperatoris
761 1628 1068 1706 'lucarumttultonc
1077 1629 1220 1705 ’πέπλοι

139 1707 208 1770 duae
220 1709 288 1770 attae
300 1718 369 1772 sunt
381 1711 520 1773 Praelecti
533 1712 580 1772 rei
592 1713 752 1772 maritime
761 1707 907 1792 (Capitate
915 1713 1041 1791 Paciae).

566 2002 719 2065 sllc'l'lo
739 2005 787 2065 lt.

295 2165 342 2215 nn
361 2162 548 2213 utvtstuun
568 2152 749 2228 nannents
769 2163 864 2212 trun
883 2162 1063 2214 sannaus.

358 2399 527 2468 snut-no
538 2400 594 2463 tta,
609 2401 682 2451 noeto
692 2399 805 2451 eunom.
819 2400 916 2450 bireto
928 2399 991 2451 net.
1057 2386 1060 2393 '

173 2550 243 2610 ⁸88·
252 2551 325 2612 Dies
336 2551 414 2612 alter
426 2558 472 2612 est
482 2550 638 2620 naturate,
653 2556 685 2610 et
695 2549 772 2610 alter
784 2551 877 2609 ciuilis
891 2569 901 2608 :
916 2551 1015 2628 prior,
1028 2566 1084 2610 sen
1095 2551 1214 2624 solaris,

120 2643 184 2695 eet
194 2636 323 2712 spatium
335 2637 444 2711 viginti
457 2643 586 2711 quatuor
598 2634 754 2702 buranum,
767 2635 845 2693 alter
858 2640 905 2692 est
917 2642 1044 2713 tempus,
1055 2635 1135 2711 qnod
1146 2654 1216 2700 usus

135 2719 264 2794 alicujus
282 2718 386 2796 populi
405 2716 443 2776 ad
462 2719 583 2776 initiunt
602 2725 634 2775 et
649 2715 742 2777 finem
756 2717 819 2777 diei
839 2717 1033 2779 determinat.
1045 2720 1167 2779 luitinm
1179 2739 1214 2784 ac

89 2820 95 2829 ·
136 2802 207 2861 linis
227 2802 290 2862 diei
313 2799 392 2878 apud
413 2802 513 2861 uarios
534 2798 660 2880 populos
679 2802 763 2862 varin
782 2817 904 2880 semper
922 2802 1057 2872 luerunt,
1072 2811 1104 2863 et
1116 2804 1215 2868 adhuc

135 2892 217 2946 sunt.
231 2885 390 2964 Babylonii
408 2885 475 2946 dies
492 2903 561 2947 suos
575 2886 773 2946 numerabant
786 2887 826 2946 ab
836 2903 897 2945 uno
907 2895 975 2946 ortu
984 2887 1056 2949 solis
1063 2887 1102 2948 ad
1111 2889 1212 2963 alium,

137 2970 205 3030 ltali
225 2969 323 3031 adhuc
333 2970 424 3031 modo
437 2970 504 3032 (lies
516 2988 585 3031 snos
598 2979 772 3051 computant
786 2972 824 3032 ab
837 2988 897 3030 uno
911 2987 1019 3034 occasu
1030 2974 1103 3034 solis
1115 2973 1154 3036 acl
1168 2976 1214 3037 ul-

134 3063 249 3127 ternm‚
264 3055 413 3119 Catholici
427 3073 501 3116 vero
513 3056 641 3116 Romani
654 3057 693 3116 ab
705 3073 765 3116 una
778 3055 878 3116 medin
891 3063 981 3117 nocte
990 3056 1029 3117 ad
1040 3057 1139 3119 aliam.

172 3142 296 3203 Hebraei
314 3160 384 3202 suos
400 3142 467 3203 dies
485 3150 547 3203 tam
558 3158 614 3223 pro
627 3142 718 3202 rebus
729 3142 821 3202 sacris
834 3157 923 3219 quam
935 3158 990 3221 pro
1003 3142 1145 3206 civilibus
1156 3162 1215 3206 nu·

133 3229 294 3289 merebant
311 3228 350 3288 ab
363 3245 423 3287 uno
436 3244 546 3289 occasu
556 3227 629 3288 solis
642 3227 680 3288 ad
691 3227 818 3289 alterum
835 3245 842 3286 :
857 3246 873 3283 o
888 3228 914 3287 h
929 3243 1056 3307 vespera
1067 3246 1160 3307 nsque
1175 3231 1213 3295 ed

135 3334 154 3372 u
166 3329 325 3393 vesperam
348 3312 544 3374 celebrabitis
565 3312 689 3373 sabbata
710 3321 825 3382 vestra,
847 3333 862 3368 u
880 3313 922 3372 ait
935 3314 1056 3392 hloyses
1075 3317 1214 3380 tteuraeia

135 3399 225 3477 (hev.
245 3398 291 3463 25.
310 3399 375 3476 32).
394 3399 532 3461 Ecclesia
552 3397 710 3461 Catholica
722 3397 803 3460 hunc
816 3415 903 3459 usum
914 3398 1071 3477 antiquum
1085 3401 1214 3465 retinuit

134 3484 175 3548 nd
193 3485 430 3547 celebrationem
447 3484 540 3546 ollicii
553 3484 662 3546 divini.

171 3569 317 3632 Solebunt
338 3572 454 3648 antiqui
473 3571 596 3631 Hebraei
614 3571 698 3631 diem
713 3571 880 3649 integrum,
894 3587 949 3632 seu
960 3572 1089 3650 spatium
1101 3572 1212 3651 viginti

132 3664 264 3735 quatuor
276 3654 599 3734 horarum‚designure
611 3673 765 3735 pervoces
776 3661 1017 3733 ocapercetmonr
1028 3676 1036 3716 :
1048 3677 1064 3714 u
1076 3659 1213 3718 Factum·

134 3758 226 3819 nque
239 3748 285 3802 est
296 3757 424 3819 vespere
438 3748 468 3800 et
480 3757 581 3811 marte,
591 3741 657 3802 dies
666 3759 741 3801 unus
751 3741 845 3816 (Gen.
859 3740 932 3814 μδ)
947 3762 962 3797 u
974 3750 1025 3802 ant
1035 3758 1091 3824 per
1102 3751 1212 3804 noctem

134 3833 162 3887 ct
175 3825 251 3886 diem
265 3845 273 3886 ι
286 3846 302 3883 n
315 3827 382 3886 Nox
394 3833 425 3887 et
435 3824 501 3888 dies
510 3843 571 3886 non
581 3826 773 3904 requiescent
782 3824 878 3900 (Gen.
887 3825 917 3896 8,
927 3827 991 3903 ἥ),
1004 3849 1019 3884 n
1028 3836 1118 3906 atque
1129 3829 1212 3894 diem

134 3919 168 3972 et
189 3919 311 3973 noctem
332 3911 511 3991 quandoque
533 3913 683 3973 vocabant
701 3919 821 3992 partem
838 3911 970 3991 aliquam
986 3914 1050 3975 diei
1064 3923 1095 3976 et
1113 3917 1211 3981 noctis

173 4081 336 4146 Primaevos
345 4081 482 4146 homines
488 4081 570 4145 diem
577 4081 716 4148 musmo
725 4082 758 4146 in
767 4088 829 4146 tres
836 4089 947 4164 portes,
953 4084 985 4147 in
991 4100 1208 4167 manenempe,
