<?xml version="1.0" encoding="UTF-8"?>
<!DOCTYPE html PUBLIC "-//W3C//DTD XHTML 1.0 Transitional//EN"
    "http://www.w3.org/TR/xhtml1/DTD/xhtml1-transitional.dtd">
<html xmlns="http://www.w3.org/1999/xhtml" xml:lang="en" lang="en">
 <head>
  <title>
</title>
<meta http-equiv="Content-Type" content="text/html;charset=utf-8" />
  <meta name='ocr-system' content='tesseract 3.04.00' />
  <meta name='ocr-capabilities' content='ocr_page ocr_carea ocr_par ocr_line ocrx_word'/>
</head>
<body>
  <div class='ocr_page' id='page_1' title='image "./hermeneuticasac00jansgoog_0332.png"; bbox 0 0 2708 4846; ppageno 0'>
   <div class='ocr_carea' id='block_1_1' title="bbox 471 452 1218 505">
    <p class='ocr_par' dir='ltr' id='par_1_1' title="bbox 471 452 1218 505">
     <span class='ocr_line' id='line_1_1' title="bbox 471 452 1218 505; baseline 0.003 -2"><span class='ocrx_word' id='word_1_1' title='bbox 471 453 659 505; x_wconf 76' lang='lat' dir='ltr'>tinuouult</span> <span class='ocrx_word' id='word_1_2' title='bbox 676 452 876 503; x_wconf 77' lang='lat' dir='ltr'>sncuottuu.</span> <span class='ocrx_word' id='word_1_3' title='bbox 1170 456 1218 505; x_wconf 76' lang='lat' dir='ltr'>tit</span> 
     </span>
    </p>
   </div>
   <div class='ocr_carea' id='block_1_2' title="bbox 131 546 1218 1903">
    <p class='ocr_par' dir='ltr' id='par_1_2' title="bbox 132 546 1215 885">
     <span class='ocr_line' id='line_1_2' title="bbox 132 546 1215 629; baseline -0.004 -16"><span class='ocrx_word' id='word_1_4' title='bbox 132 552 234 613; x_wconf 77' lang='lat' dir='ltr'>neme</span> <span class='ocrx_word' id='word_1_5' title='bbox 250 549 334 611; x_wconf 83' lang='lat' dir='ltr'>inter</span> <span class='ocrx_word' id='word_1_6' title='bbox 349 564 387 611; x_wconf 85' lang='lat' dir='ltr'>ac</span> <span class='ocrx_word' id='word_1_7' title='bbox 402 548 558 609; x_wconf 90' lang='lat' dir='ltr'>hominem</span> <span class='ocrx_word' id='word_1_8' title='bbox 573 548 665 619; x_wconf 89' lang='lat' dir='ltr'>dicit,</span> <span class='ocrx_word' id='word_1_9' title='bbox 688 564 851 629; x_wconf 82' lang='lat' dir='ltr'>perquem</span> <span class='ocrx_word' id='word_1_10' title='bbox 868 546 947 609; x_wconf 85' lang='lat' dir='ltr'>salus</span> <span class='ocrx_word' id='word_1_11' title='bbox 964 552 1011 609; x_wconf 90' lang='lat' dir='ltr'>est</span> <span class='ocrx_word' id='word_1_12' title='bbox 1031 546 1215 621; x_wconf 90' lang='lat' dir='ltr'>ohtinenda;</span> 
     </span>
     <span class='ocr_line' id='line_1_3' title="bbox 132 632 1215 713; baseline -0.003 -16"><span class='ocrx_word' id='word_1_13' title='bbox 132 641 286 697; x_wconf 86' lang='lat' dir='ltr'>monetne</span> <span class='ocrx_word' id='word_1_14' title='bbox 297 650 332 697; x_wconf 84' lang='lat' dir='ltr'>se</span> <span class='ocrx_word' id='word_1_15' title='bbox 344 632 664 711; x_wconf 83' lang='lat' dir='ltr'>pseudoapostoinrmn</span> <span class='ocrx_word' id='word_1_16' title='bbox 672 632 930 712; x_wconf 80' lang='lat' dir='ltr'>magniloquentia</span> <span class='ocrx_word' id='word_1_17' title='bbox 938 632 1044 695; x_wconf 91' lang='lat' dir='ltr'>seduci</span> <span class='ocrx_word' id='word_1_18' title='bbox 1053 633 1215 713; x_wconf 86' lang='lat' dir='ltr'>patiantur,</span> 
     </span>
     <span class='ocr_line' id='line_1_4' title="bbox 133 718 1215 799; baseline 0 -16"><span class='ocrx_word' id='word_1_19' title='bbox 133 729 164 783; x_wconf 87' lang='lat' dir='ltr'>et</span> <span class='ocrx_word' id='word_1_20' title='bbox 173 728 209 783; x_wconf 86' lang='lat' dir='ltr'>ut</span> <span class='ocrx_word' id='word_1_21' title='bbox 218 721 319 783; x_wconf 87' lang='lat' dir='ltr'>solnm</span> <span class='ocrx_word' id='word_1_22' title='bbox 330 722 438 781; x_wconf 79' lang='lat' dir='ltr'>iesum</span> <span class='ocrx_word' id='word_1_23' title='bbox 449 728 623 797; x_wconf 77' lang='lat' dir='ltr'>sequantui,</span> <span class='ocrx_word' id='word_1_24' title='bbox 637 718 691 797; x_wconf 89' lang='lat' dir='ltr'>qui</span> <span class='ocrx_word' id='word_1_25' title='bbox 708 718 849 783; x_wconf 90' lang='lat' dir='ltr'>omnihm</span> <span class='ocrx_word' id='word_1_26' title='bbox 865 718 982 799; x_wconf 77' lang='lat' dir='ltr'>angelis</span> <span class='ocrx_word' id='word_1_27' title='bbox 997 720 1215 799; x_wconf 77' lang='lat' dir='ltr'>supereminet,</span> 
     </span>
     <span class='ocr_line' id='line_1_5' title="bbox 133 802 781 885; baseline 0 -18"><span class='ocrx_word' id='word_1_28' title='bbox 133 812 164 867; x_wconf 88' lang='lat' dir='ltr'>et</span> <span class='ocrx_word' id='word_1_29' title='bbox 174 806 207 867; x_wconf 89' lang='lat' dir='ltr'>in</span> <span class='ocrx_word' id='word_1_30' title='bbox 220 822 282 884; x_wconf 77' lang='lat' dir='ltr'>qino</span> <span class='ocrx_word' id='word_1_31' title='bbox 294 806 438 867; x_wconf 77' lang='lat' dir='ltr'>conversi</span> <span class='ocrx_word' id='word_1_32' title='bbox 449 822 486 865; x_wconf 90' lang='lat' dir='ltr'>ae</span> <span class='ocrx_word' id='word_1_33' title='bbox 495 804 640 885; x_wconf 79' lang='lat' dir='ltr'>baptizati</span> <span class='ocrx_word' id='word_1_34' title='bbox 653 802 781 867; x_wconf 82' lang='lat' dir='ltr'>lucrant</span> 
     </span>
    </p>

    <p class='ocr_par' dir='ltr' id='par_1_3' title="bbox 131 886 1218 1903">
     <span class='ocr_line' id='line_1_6' title="bbox 167 886 1217 969; baseline 0.002 -18"><span class='ocrx_word' id='word_1_35' title='bbox 167 890 259 951; x_wconf 82' lang='lat' dir='ltr'>Parte</span> <span class='ocrx_word' id='word_1_36' title='bbox 275 889 412 952; x_wconf 85' lang='lat' dir='ltr'>secunda</span> <span class='ocrx_word' id='word_1_37' title='bbox 427 906 456 951; x_wconf 87' lang='lat' dir='ltr'>c.</span> <span class='ocrx_word' id='word_1_38' title='bbox 470 886 534 951; x_wconf 75' lang='lat' dir='ltr'>hc.</span> <span class='ocrx_word' id='word_1_39' title='bbox 550 890 584 961; x_wconf 83' lang='lat' dir='ltr'>t,</span> <span class='ocrx_word' id='word_1_40' title='bbox 605 908 673 969; x_wconf 81' lang='lat' dir='ltr'>qum</span> <span class='ocrx_word' id='word_1_41' title='bbox 691 896 738 951; x_wconf 90' lang='lat' dir='ltr'>est</span> <span class='ocrx_word' id='word_1_42' title='bbox 754 888 895 959; x_wconf 78' lang='lat' dir='ltr'>moralis,</span> <span class='ocrx_word' id='word_1_43' title='bbox 906 886 1043 951; x_wconf 80' lang='lat' dir='ltr'>hortatur</span> <span class='ocrx_word' id='word_1_44' title='bbox 1059 888 1098 953; x_wconf 90' lang='lat' dir='ltr'>ad</span> <span class='ocrx_word' id='word_1_45' title='bbox 1117 886 1217 953; x_wconf 82' lang='lat' dir='ltr'>officia</span> 
     </span>
     <span class='ocr_line' id='line_1_7' title="bbox 131 972 1217 1055; baseline 0 -20"><span class='ocrx_word' id='word_1_46' title='bbox 131 973 289 1053; x_wconf 69' lang='lat' dir='ltr'>generalia</span> <span class='ocrx_word' id='word_1_47' title='bbox 300 972 482 1037; x_wconf 77' lang='lat' dir='ltr'>Christimae</span> <span class='ocrx_word' id='word_1_48' title='bbox 496 974 671 1053; x_wconf 77' lang='lat' dir='ltr'>religionis,</span> <span class='ocrx_word' id='word_1_49' title='bbox 683 972 720 1037; x_wconf 84' lang='lat' dir='ltr'>ac&#39;</span> <span class='ocrx_word' id='word_1_50' title='bbox 732 972 773 1035; x_wconf 86' lang='lat' dir='ltr'>ad</span> <span class='ocrx_word' id='word_1_51' title='bbox 785 972 980 1055; x_wconf 83' lang='lat' dir='ltr'>particularia</span> <span class='ocrx_word' id='word_1_52' title='bbox 990 974 1144 1035; x_wconf 81' lang='lat' dir='ltr'>variorum</span> <span class='ocrx_word' id='word_1_53' title='bbox 1154 980 1217 1037; x_wconf 84' lang='lat' dir='ltr'>sta-</span> 
     </span>
     <span class='ocr_line' id='line_1_8' title="bbox 166 1140 1217 1227; baseline 0 -20"><span class='ocrx_word' id='word_1_54' title='bbox 166 1144 248 1207; x_wconf 85' lang='lat' dir='ltr'>Cum</span> <span class='ocrx_word' id='word_1_55' title='bbox 261 1140 647 1221; x_wconf 56' lang='lat' dir='ltr'>huntendiniensi</span> <span class='ocrx_word' id='word_1_56' title='bbox 662 1166 678 1203; x_wconf 87' lang='lat' dir='ltr'>n</span> <span class='ocrx_word' id='word_1_57' title='bbox 693 1142 771 1209; x_wconf 87' lang='lat' dir='ltr'>Cum</span> <span class='ocrx_word' id='word_1_58' title='bbox 788 1142 870 1207; x_wconf 85' lang='lat' dir='ltr'>lecta</span> <span class='ocrx_word' id='word_1_59' title='bbox 881 1142 974 1205; x_wconf 86' lang='lat' dir='ltr'>luerit</span> <span class='ocrx_word' id='word_1_60' title='bbox 985 1144 1064 1227; x_wconf 88' lang='lat' dir='ltr'>apud</span> <span class='ocrx_word' id='word_1_61' title='bbox 1075 1162 1130 1207; x_wconf 83' lang='lat' dir='ltr'>vos</span> <span class='ocrx_word' id='word_1_62' title='bbox 1145 1146 1217 1227; x_wconf 83' lang='lat' dir='ltr'>Epi·</span> 
     </span>
     <span class='ocr_line' id='line_1_9' title="bbox 133 1227 1217 1307; baseline 0.004 -20"><span class='ocrx_word' id='word_1_63' title='bbox 133 1228 240 1291; x_wconf 77' lang='lat' dir='ltr'>»stola</span> <span class='ocrx_word' id='word_1_64' title='bbox 249 1228 328 1299; x_wconf 70' lang='lat' dir='ltr'>huc,</span> <span class='ocrx_word' id='word_1_65' title='bbox 338 1227 429 1289; x_wconf 85' lang='lat' dir='ltr'>tacite</span> <span class='ocrx_word' id='word_1_66' title='bbox 440 1236 518 1289; x_wconf 89' lang='lat' dir='ltr'>utet</span> <span class='ocrx_word' id='word_1_67' title='bbox 530 1228 563 1289; x_wconf 93' lang='lat' dir='ltr'>in</span> <span class='ocrx_word' id='word_1_68' title='bbox 575 1228 807 1291; x_wconf 77' lang='lat' dir='ltr'>Laodicensium</span> <span class='ocrx_word' id='word_1_69' title='bbox 817 1228 955 1291; x_wconf 83' lang='lat' dir='ltr'>Ecclesia</span> <span class='ocrx_word' id='word_1_70' title='bbox 964 1228 1097 1307; x_wconf 76' lang='lat' dir='ltr'>legatur:</span> <span class='ocrx_word' id='word_1_71' title='bbox 1108 1238 1139 1291; x_wconf 91' lang='lat' dir='ltr'>et</span> <span class='ocrx_word' id='word_1_72' title='bbox 1148 1248 1217 1291; x_wconf 88' lang='lat' dir='ltr'>eam</span> 
     </span>
     <span class='ocr_line' id='line_1_10' title="bbox 134 1314 1218 1395; baseline 0.004 -22"><span class='ocrx_word' id='word_1_73' title='bbox 134 1332 231 1395; x_wconf 77' lang='lat' dir='ltr'>»qma</span> <span class='ocrx_word' id='word_1_74' title='bbox 247 1314 479 1375; x_wconf 73' lang='lat' dir='ltr'>laodicensium</span> <span class='ocrx_word' id='word_1_75' title='bbox 492 1323 539 1376; x_wconf 93' lang='lat' dir='ltr'>est</span> <span class='ocrx_word' id='word_1_76' title='bbox 553 1332 609 1377; x_wconf 80' lang='lat' dir='ltr'>vos</span> <span class='ocrx_word' id='word_1_77' title='bbox 624 1314 748 1395; x_wconf 77' lang='lat' dir='ltr'>legatis,</span> <span class='ocrx_word' id='word_1_78' title='bbox 763 1336 779 1371; x_wconf 80' lang='lat' dir='ltr'>n</span> <span class='ocrx_word' id='word_1_79' title='bbox 793 1314 1003 1383; x_wconf 80' lang='lat' dir='ltr'>existimarunt</span> <span class='ocrx_word' id='word_1_80' title='bbox 1017 1314 1127 1393; x_wconf 83' lang='lat' dir='ltr'>aliqui,</span> <span class='ocrx_word' id='word_1_81' title='bbox 1138 1316 1218 1377; x_wconf 90' lang='lat' dir='ltr'>Pau·</span> 
     </span>
     <span class='ocr_line' id='line_1_11' title="bbox 132 1396 1216 1479; baseline 0.005 -22"><span class='ocrx_word' id='word_1_82' title='bbox 132 1396 195 1459; x_wconf 86' lang='lat' dir='ltr'>lmn</span> <span class='ocrx_word' id='word_1_83' title='bbox 205 1396 375 1477; x_wconf 84' lang='lat' dir='ltr'>Epistulam</span> <span class='ocrx_word' id='word_1_84' title='bbox 387 1397 426 1460; x_wconf 88' lang='lat' dir='ltr'>ad</span> <span class='ocrx_word' id='word_1_85' title='bbox 441 1396 644 1461; x_wconf 83' lang='lat' dir='ltr'>Laodicenses</span> <span class='ocrx_word' id='word_1_86' title='bbox 656 1398 826 1478; x_wconf 77' lang='lat' dir='ltr'>scripsisse;</span> <span class='ocrx_word' id='word_1_87' title='bbox 839 1416 946 1459; x_wconf 86' lang='lat' dir='ltr'>vermn</span> <span class='ocrx_word' id='word_1_88' title='bbox 958 1398 1121 1479; x_wconf 78' lang='lat' dir='ltr'>Apostolus</span> <span class='ocrx_word' id='word_1_89' title='bbox 1132 1400 1216 1479; x_wconf 89' lang='lat' dir='ltr'>loqui</span> 
     </span>
     <span class='ocr_line' id='line_1_12' title="bbox 133 1482 1216 1563; baseline 0.002 -20"><span class='ocrx_word' id='word_1_90' title='bbox 133 1482 256 1545; x_wconf 81' lang='lat' dir='ltr'>videtur</span> <span class='ocrx_word' id='word_1_91' title='bbox 266 1482 307 1543; x_wconf 88' lang='lat' dir='ltr'>do</span> <span class='ocrx_word' id='word_1_92' title='bbox 321 1482 455 1561; x_wconf 81' lang='lat' dir='ltr'>Epistola</span> <span class='ocrx_word' id='word_1_93' title='bbox 467 1500 486 1543; x_wconf 87' lang='lat' dir='ltr'>a</span> <span class='ocrx_word' id='word_1_94' title='bbox 501 1484 740 1545; x_wconf 78' lang='lat' dir='ltr'>Laodicensium</span> <span class='ocrx_word' id='word_1_95' title='bbox 750 1484 789 1545; x_wconf 91' lang='lat' dir='ltr'>ad</span> <span class='ocrx_word' id='word_1_96' title='bbox 806 1484 905 1563; x_wconf 87' lang='lat' dir='ltr'>ipsum</span> <span class='ocrx_word' id='word_1_97' title='bbox 915 1482 999 1555; x_wconf 89' lang='lat' dir='ltr'>data,</span> <span class='ocrx_word' id='word_1_98' title='bbox 1013 1492 1077 1545; x_wconf 87' lang='lat' dir='ltr'>tum</span> <span class='ocrx_word' id='word_1_99' title='bbox 1089 1485 1176 1563; x_wconf 89' lang='lat' dir='ltr'>quia,</span> <span class='ocrx_word' id='word_1_100' title='bbox 1189 1486 1216 1547; x_wconf 85' lang='lat' dir='ltr'>si</span> 
     </span>
     <span class='ocr_line' id='line_1_13' title="bbox 132 1568 1217 1651; baseline 0.002 -22"><span class='ocrx_word' id='word_1_101' title='bbox 132 1569 243 1629; x_wconf 78' lang='lat' dir='ltr'>Paulus</span> <span class='ocrx_word' id='word_1_102' title='bbox 252 1568 292 1629; x_wconf 90' lang='lat' dir='ltr'>ad</span> <span class='ocrx_word' id='word_1_103' title='bbox 310 1568 514 1631; x_wconf 77' lang='lat' dir='ltr'>laodicenses</span> <span class='ocrx_word' id='word_1_104' title='bbox 529 1570 712 1649; x_wconf 82' lang='lat' dir='ltr'>scripsisset,</span> <span class='ocrx_word' id='word_1_105' title='bbox 726 1571 792 1651; x_wconf 85' lang='lat' dir='ltr'>ipse</span> <span class='ocrx_word' id='word_1_106' title='bbox 810 1587 863 1629; x_wconf 92' lang='lat' dir='ltr'>eos</span> <span class='ocrx_word' id='word_1_107' title='bbox 879 1570 912 1629; x_wconf 92' lang='lat' dir='ltr'>in</span> <span class='ocrx_word' id='word_1_108' title='bbox 925 1588 978 1631; x_wconf 85' lang='lat' dir='ltr'>sua</span> <span class='ocrx_word' id='word_1_109' title='bbox 996 1570 1124 1649; x_wconf 88' lang='lat' dir='ltr'>epistola</span> <span class='ocrx_word' id='word_1_110' title='bbox 1136 1572 1217 1633; x_wconf 87' lang='lat' dir='ltr'>salu·</span> 
     </span>
     <span class='ocr_line' id='line_1_14' title="bbox 133 1648 1214 1734; baseline 0.002 -21"><span class='ocrx_word' id='word_1_111' title='bbox 133 1660 241 1724; x_wconf 84' lang='lat' dir='ltr'>lasset,</span> <span class='ocrx_word' id='word_1_112' title='bbox 250 1658 284 1713; x_wconf 91' lang='lat' dir='ltr'>et</span> <span class='ocrx_word' id='word_1_113' title='bbox 294 1670 356 1711; x_wconf 91' lang='lat' dir='ltr'>non</span> <span class='ocrx_word' id='word_1_114' title='bbox 368 1670 426 1731; x_wconf 83' lang='lat' dir='ltr'>per</span> <span class='ocrx_word' id='word_1_115' title='bbox 442 1648 636 1717; x_wconf 70' lang='lat' dir='ltr'>colossenses</span> <span class='ocrx_word' id='word_1_116' title='bbox 651 1654 775 1715; x_wconf 83' lang='lat' dir='ltr'>salutari</span> <span class='ocrx_word' id='word_1_117' title='bbox 787 1660 935 1725; x_wconf 74' lang='lat' dir='ltr'>curasset,</span> <span class='ocrx_word' id='word_1_118' title='bbox 948 1662 983 1713; x_wconf 92' lang='lat' dir='ltr'>ut</span> <span class='ocrx_word' id='word_1_119' title='bbox 994 1672 1025 1715; x_wconf 84' lang='lat' dir='ltr'>v.</span> <span class='ocrx_word' id='word_1_120' title='bbox 1039 1654 1075 1713; x_wconf 87' lang='lat' dir='ltr'>lli</span> <span class='ocrx_word' id='word_1_121' title='bbox 1090 1656 1214 1734; x_wconf 82' lang='lat' dir='ltr'>legitur,</span> 
     </span>
     <span class='ocr_line' id='line_1_15' title="bbox 133 1738 1215 1817; baseline 0.005 -20"><span class='ocrx_word' id='word_1_122' title='bbox 133 1744 196 1797; x_wconf 86' lang='lat' dir='ltr'>tmn</span> <span class='ocrx_word' id='word_1_123' title='bbox 215 1738 290 1815; x_wconf 87' lang='lat' dir='ltr'>quia</span> <span class='ocrx_word' id='word_1_124' title='bbox 310 1744 409 1798; x_wconf 85' lang='lat' dir='ltr'>textus</span> <span class='ocrx_word' id='word_1_125' title='bbox 428 1754 546 1817; x_wconf 71' lang='lat' dir='ltr'>gruem</span> <span class='ocrx_word' id='word_1_126' title='bbox 565 1738 657 1799; x_wconf 83' lang='lat' dir='ltr'>habet</span> <span class='ocrx_word' id='word_1_127' title='bbox 668 1738 752 1808; x_wconf 91' lang='lat' dir='ltr'>loco,</span> <span class='ocrx_word' id='word_1_128' title='bbox 764 1756 829 1797; x_wconf 86' lang='lat' dir='ltr'>eam</span> <span class='ocrx_word' id='word_1_129' title='bbox 840 1756 905 1817; x_wconf 79' lang='lat' dir='ltr'>poc</span> <span class='ocrx_word' id='word_1_130' title='bbox 915 1739 1133 1801; x_wconf 64' lang='lat' dir='ltr'>Laodicensium</span> <span class='ocrx_word' id='word_1_131' title='bbox 1150 1749 1215 1802; x_wconf 83' lang='lat' dir='ltr'>cst:</span> 
     </span>
     <span class='ocr_line' id='line_1_16' title="bbox 133 1822 810 1903; baseline -0.001 -19"><span class='ocrx_word' id='word_1_132' title='bbox 133 1832 205 1889; x_wconf 71' lang='lat' dir='ltr'>mh</span> <span class='ocrx_word' id='word_1_133' title='bbox 212 1832 354 1893; x_wconf 70' lang='grc' dir='ltr'>Αοδωις.</span> <span class='ocrx_word' id='word_1_134' title='bbox 366 1840 431 1883; x_wconf 74' lang='lat' dir='ltr'>mm</span> <span class='ocrx_word' id='word_1_135' title='bbox 441 1842 477 1885; x_wconf 79' lang='lat' dir='ltr'>cc</span> <span class='ocrx_word' id='word_1_136' title='bbox 488 1822 645 1883; x_wconf 68' lang='lat' dir='ltr'>hodiene</span> <span class='ocrx_word' id='word_1_137' title='bbox 655 1824 810 1903; x_wconf 82' lang='lat' dir='ltr'>scriptum.</span> 
     </span>
    </p>
   </div>
   <div class='ocr_carea' id='block_1_3' title="bbox 224 1983 1120 2037">
    <p class='ocr_par' dir='ltr' id='par_1_4' title="bbox 224 1983 1120 2037">
     <span class='ocr_line' id='line_1_17' title="bbox 224 1983 1120 2037; baseline -0.001 -1"><span class='ocrx_word' id='word_1_138' title='bbox 224 1988 266 2037; x_wconf 73' lang='grc' dir='ltr'><strong><em>Ν</em></strong></span> <span class='ocrx_word' id='word_1_139' title='bbox 281 1987 293 2035; x_wconf 85' lang='lat' dir='ltr'>l</span> <span class='ocrx_word' id='word_1_140' title='bbox 306 1986 448 2035; x_wconf 67' lang='grc' dir='ltr'><strong>ΜΤΟΙΛ</strong></span> <span class='ocrx_word' id='word_1_141' title='bbox 461 1987 491 2035; x_wconf 83' lang='lat' dir='ltr'>lt.</span> <span class='ocrx_word' id='word_1_142' title='bbox 506 1986 595 2034; x_wconf 74' lang='lat' dir='ltr'>Pleu</span> <span class='ocrx_word' id='word_1_143' title='bbox 609 1984 752 2033; x_wconf 70' lang='lat' dir='ltr'>Al&#39;OS&#39;thl</span> <span class='ocrx_word' id='word_1_144' title='bbox 767 1984 810 2033; x_wconf 76' lang='grc' dir='ltr'>ΑΙ)</span> <span class='ocrx_word' id='word_1_145' title='bbox 822 1983 1120 2035; x_wconf 65' lang='lat' dir='ltr'>Tntsstmxlcffism</span> 
     </span>
    </p>
   </div>
   <div class='ocr_carea' id='block_1_4' title="bbox 131 2098 1216 2221">
    <p class='ocr_par' dir='ltr' id='par_1_5' title="bbox 131 2098 1216 2221">
     <span class='ocr_line' id='line_1_18' title="bbox 131 2098 1216 2179; baseline 0 -25"><span class='ocrx_word' id='word_1_146' title='bbox 131 2102 384 2173; x_wconf 63' lang='lat' dir='ltr'>summ-locus</span> <span class='ocrx_word' id='word_1_147' title='bbox 398 2102 554 2165; x_wconf 73' lang='lat' dir='ltr'>scriptionis,</span> <span class='ocrx_word' id='word_1_148' title='bbox 567 2100 665 2161; x_wconf 74' lang='lat' dir='ltr'>itum,</span> <span class='ocrx_word' id='word_1_149' title='bbox 680 2100 740 2149; x_wconf 72' lang='lat' dir='ltr'>eus</span> <span class='ocrx_word' id='word_1_150' title='bbox 754 2101 782 2149; x_wconf 82' lang='lat' dir='ltr'>et</span> <span class='ocrx_word' id='word_1_151' title='bbox 795 2100 892 2179; x_wconf 46' lang='lat' dir='ltr'>occ-asic</span> <span class='ocrx_word' id='word_1_152' title='bbox 906 2098 1020 2163; x_wconf 76' lang='lat' dir='ltr'>proxim</span> <span class='ocrx_word' id='word_1_153' title='bbox 1035 2100 1173 2163; x_wconf 70' lang='lat' dir='ltr'>inpletus</span> <span class='ocrx_word' id='word_1_154' title='bbox 1183 2102 1216 2153; x_wconf 76' lang='lat' dir='ltr'>ml</span> 
     </span>
     <span class='ocr_line' id='line_1_19' title="bbox 553 2170 794 2221; baseline 0.012 -3"><span class='ocrx_word' id='word_1_155' title='bbox 553 2170 794 2221; x_wconf 66' lang='lat' dir='ltr'>munemne.</span> 
     </span>
    </p>
   </div>
   <div class='ocr_carea' id='block_1_5' title="bbox 132 2316 1216 2655">
    <p class='ocr_par' dir='ltr' id='par_1_6' title="bbox 132 2316 1216 2655">
     <span class='ocr_line' id='line_1_20' title="bbox 171 2316 1216 2397; baseline 0.006 -20"><span class='ocrx_word' id='word_1_156' title='bbox 171 2322 247 2378; x_wconf 72' lang='lat'>⁴8³.</span> <span class='ocrx_word' id='word_1_157' title='bbox 258 2320 401 2381; x_wconf 60' lang='lat' dir='ltr'>&amp;mvii</span> <span class='ocrx_word' id='word_1_158' title='bbox 411 2318 521 2380; x_wconf 86' lang='lat' dir='ltr'>Paulus</span> <span class='ocrx_word' id='word_1_159' title='bbox 531 2316 612 2379; x_wconf 90' lang='lat' dir='ltr'>hanc</span> <span class='ocrx_word' id='word_1_160' title='bbox 623 2318 789 2397; x_wconf 83' lang='lat' dir='ltr'>Epistolam</span> <span class='ocrx_word' id='word_1_161' title='bbox 801 2335 873 2391; x_wconf 90' lang='lat' dir='ltr'>suo,</span> <span class='ocrx_word' id='word_1_162' title='bbox 886 2316 1004 2379; x_wconf 84' lang='lat' dir='ltr'>Silvani</span> <span class='ocrx_word' id='word_1_163' title='bbox 1016 2334 1072 2379; x_wconf 93' lang='lat' dir='ltr'>scu</span> <span class='ocrx_word' id='word_1_164' title='bbox 1083 2316 1165 2393; x_wconf 77' lang='lat' dir='ltr'>stin,</span> <span class='ocrx_word' id='word_1_165' title='bbox 1179 2336 1216 2383; x_wconf 91' lang='lat' dir='ltr'>ae</span> 
     </span>
     <span class='ocr_line' id='line_1_21' title="bbox 132 2400 1216 2483; baseline -0.006 -14"><span class='ocrx_word' id='word_1_166' title='bbox 132 2404 298 2469; x_wconf 79' lang='lat' dir='ltr'>Timothusi</span> <span class='ocrx_word' id='word_1_167' title='bbox 308 2404 433 2473; x_wconf 83' lang='lat' dir='ltr'>nomino</span> <span class='ocrx_word' id='word_1_168' title='bbox 442 2446 453 2477; x_wconf 91' lang='lat'>,</span> <span class='ocrx_word' id='word_1_169' title='bbox 462 2403 609 2465; x_wconf 86' lang='lat' dir='ltr'>idiomate</span> <span class='ocrx_word' id='word_1_170' title='bbox 617 2420 738 2481; x_wconf 76' lang='lat' dir='ltr'>graeco,</span> <span class='ocrx_word' id='word_1_171' title='bbox 751 2400 909 2475; x_wconf 83' lang='lat' dir='ltr'>Corinthi,</span> <span class='ocrx_word' id='word_1_172' title='bbox 921 2420 1001 2483; x_wconf 84' lang='lat' dir='ltr'>anno</span> <span class='ocrx_word' id='word_1_173' title='bbox 1016 2400 1054 2463; x_wconf 70' lang='lat'>52</span> <span class='ocrx_word' id='word_1_174' title='bbox 1067 2420 1136 2463; x_wconf 72' lang='lat' dir='ltr'>certe</span> <span class='ocrx_word' id='word_1_175' title='bbox 1147 2404 1216 2483; x_wconf 84' lang='lat' dir='ltr'>vul-</span> 
     </span>
     <span class='ocr_line' id='line_1_22' title="bbox 133 2489 1216 2573; baseline 0.002 -20"><span class='ocrx_word' id='word_1_176' title='bbox 133 2492 290 2573; x_wconf 73' lang='lat' dir='ltr'>parismon</span> <span class='ocrx_word' id='word_1_177' title='bbox 301 2508 376 2553; x_wconf 83' lang='lat' dir='ltr'>vero</span> <span class='ocrx_word' id='word_1_178' title='bbox 390 2490 521 2551; x_wconf 78' lang='lat' dir='ltr'>Athenis</span> <span class='ocrx_word' id='word_1_179' title='bbox 530 2497 564 2551; x_wconf 94' lang='lat' dir='ltr'>ut</span> <span class='ocrx_word' id='word_1_180' title='bbox 574 2489 812 2567; x_wconf 85' lang='lat' dir='ltr'>subscriptiones</span> <span class='ocrx_word' id='word_1_181' title='bbox 823 2506 948 2569; x_wconf 73' lang='lat' dir='ltr'>graece,</span> <span class='ocrx_word' id='word_1_182' title='bbox 958 2489 1085 2571; x_wconf 67' lang='lat' dir='ltr'>syriacae</span> <span class='ocrx_word' id='word_1_183' title='bbox 1099 2498 1131 2553; x_wconf 89' lang='lat' dir='ltr'>et</span> <span class='ocrx_word' id='word_1_184' title='bbox 1146 2510 1216 2555; x_wconf 81' lang='lat' dir='ltr'>ana-</span> 
     </span>
     <span class='ocr_line' id='line_1_23' title="bbox 132 2574 1216 2655; baseline 0 -14"><span class='ocrx_word' id='word_1_185' title='bbox 132 2578 212 2641; x_wconf 69' lang='lat' dir='ltr'>hicn</span> <span class='ocrx_word' id='word_1_186' title='bbox 226 2576 358 2647; x_wconf 65' lang='lat' dir='ltr'>hadent.</span> <span class='ocrx_word' id='word_1_187' title='bbox 370 2576 496 2641; x_wconf 81' lang='lat' dir='ltr'>Constat</span> <span class='ocrx_word' id='word_1_188' title='bbox 511 2575 571 2637; x_wconf 94' lang='lat' dir='ltr'>hoc</span> <span class='ocrx_word' id='word_1_189' title='bbox 580 2592 621 2637; x_wconf 78' lang='lat' dir='ltr'>ex</span> <span class='ocrx_word' id='word_1_190' title='bbox 636 2574 721 2635; x_wconf 91' lang='lat' dir='ltr'>illius</span> <span class='ocrx_word' id='word_1_191' title='bbox 731 2575 892 2637; x_wconf 72' lang='lat' dir='ltr'>occasione</span> <span class='ocrx_word' id='word_1_192' title='bbox 910 2576 1066 2653; x_wconf 78' lang='lat' dir='ltr'>proxima,</span> <span class='ocrx_word' id='word_1_193' title='bbox 1076 2595 1143 2655; x_wconf 74' lang='lat' dir='ltr'>quc</span> <span class='ocrx_word' id='word_1_194' title='bbox 1157 2576 1216 2641; x_wconf 84' lang='lat' dir='ltr'>tuit</span> 
     </span>
    </p>
   </div>
   <div class='ocr_carea' id='block_1_6' title="bbox 132 2662 1217 2819">
    <p class='ocr_par' dir='ltr' id='par_1_7' title="bbox 132 2662 1217 2819">
     <span class='ocr_line' id='line_1_24' title="bbox 132 2662 1217 2819; baseline -0.002 -10"><span class='ocrx_word' id='word_1_195' title='bbox 132 2662 282 2809; x_wconf 44' lang='lat' dir='ltr'>“ms</span> <span class='ocrx_word' id='word_1_196' title='bbox 288 2744 525 2815; x_wconf 75' lang='lat' dir='ltr'>Thessalonicae,</span> <span class='ocrx_word' id='word_1_197' title='bbox 537 2744 571 2803; x_wconf 92' lang='lat' dir='ltr'>in</span> <span class='ocrx_word' id='word_1_198' title='bbox 582 2742 661 2803; x_wconf 82' lang='lat' dir='ltr'>mbo</span> <span class='ocrx_word' id='word_1_199' title='bbox 668 2739 856 2803; x_wconf 79' lang='lat' dir='ltr'>Macedoniae</span> <span class='ocrx_word' id='word_1_200' title='bbox 865 2740 1039 2819; x_wconf 84' lang='lat' dir='ltr'>metropoli,</span> <span class='ocrx_word' id='word_1_201' title='bbox 1049 2741 1217 2807; x_wconf 87' lang='lat' dir='ltr'>Ecclesiam</span> 
     </span>
    </p>
   </div>
   <div class='ocr_carea' id='block_1_7' title="bbox 131 2825 1218 3071">
    <p class='ocr_par' dir='ltr' id='par_1_8' title="bbox 131 2825 1218 3071">
     <span class='ocr_line' id='line_1_25' title="bbox 133 2825 1217 2909; baseline 0 -17"><span class='ocrx_word' id='word_1_202' title='bbox 133 2830 272 2899; x_wconf 74' lang='lat' dir='ltr'>fideliam</span> <span class='ocrx_word' id='word_1_203' title='bbox 287 2832 461 2891; x_wconf 81' lang='lat' dir='ltr'>instituerat</span> <span class='ocrx_word' id='word_1_204' title='bbox 479 2830 570 2907; x_wconf 76' lang='lat' dir='ltr'>(Act.</span> <span class='ocrx_word' id='word_1_205' title='bbox 583 2826 633 2899; x_wconf 77' lang='lat' dir='ltr'>li,</span> <span class='ocrx_word' id='word_1_206' title='bbox 644 2828 729 2903; x_wconf 71' lang='grc' dir='ltr'>Η).</span> <span class='ocrx_word' id='word_1_207' title='bbox 743 2825 819 2885; x_wconf 92' lang='lat' dir='ltr'>inde</span> <span class='ocrx_word' id='word_1_208' title='bbox 832 2842 850 2885; x_wconf 98' lang='lat' dir='ltr'>a</span> <span class='ocrx_word' id='word_1_209' title='bbox 865 2826 981 2887; x_wconf 78' lang='lat' dir='ltr'>iudeis</span> <span class='ocrx_word' id='word_1_210' title='bbox 997 2826 1113 2905; x_wconf 90' lang='lat' dir='ltr'>pulsus,</span> <span class='ocrx_word' id='word_1_211' title='bbox 1127 2831 1217 2909; x_wconf 88' lang='lat' dir='ltr'>petiit</span> 
     </span>
     <span class='ocr_line' id='line_1_26' title="bbox 131 2908 1218 2995; baseline -0.004 -16"><span class='ocrx_word' id='word_1_212' title='bbox 131 2916 287 2989; x_wconf 75' lang='lat' dir='ltr'>Rem,</span> <span class='ocrx_word' id='word_1_213' title='bbox 296 2932 333 2979; x_wconf 83' lang='lat' dir='ltr'>uc</span> <span class='ocrx_word' id='word_1_214' title='bbox 345 2924 450 2995; x_wconf 83' lang='lat' dir='ltr'>postea</span> <span class='ocrx_word' id='word_1_215' title='bbox 464 2915 602 2977; x_wconf 77' lang='lat' dir='ltr'>Athenas</span> <span class='ocrx_word' id='word_1_216' title='bbox 614 2913 678 2991; x_wconf 88' lang='lat' dir='ltr'>(ih.</span> <span class='ocrx_word' id='word_1_217' title='bbox 688 2910 789 2987; x_wconf 62' lang='lat' dir='ltr'>itii).</span> <span class='ocrx_word' id='word_1_218' title='bbox 801 2908 913 2971; x_wconf 74' lang='lat' dir='ltr'>Euhoe</span> <span class='ocrx_word' id='word_1_219' title='bbox 925 2910 1000 2979; x_wconf 83' lang='lat' dir='ltr'>urhe</span> <span class='ocrx_word' id='word_1_220' title='bbox 1016 2912 1100 2973; x_wconf 85' lang='lat' dir='ltr'>misit</span> <span class='ocrx_word' id='word_1_221' title='bbox 1112 2914 1218 2993; x_wconf 86' lang='lat' dir='ltr'>Timo-</span> 
     </span>
     <span class='ocr_line' id='line_1_27' title="bbox 133 2994 1218 3071; baseline -0.001 -6"><span class='ocrx_word' id='word_1_222' title='bbox 133 3000 505 3071; x_wconf 80' lang='lat' dir='ltr'>thotuuThessulonieam,</span> <span class='ocrx_word' id='word_1_223' title='bbox 515 3007 549 3061; x_wconf 93' lang='lat' dir='ltr'>ut</span> <span class='ocrx_word' id='word_1_224' title='bbox 560 3006 670 3061; x_wconf 83' lang='lat' dir='ltr'>statum</span> <span class='ocrx_word' id='word_1_225' title='bbox 680 3013 769 3057; x_wconf 86' lang='lat' dir='ltr'>novae</span> <span class='ocrx_word' id='word_1_226' title='bbox 781 2994 927 3055; x_wconf 71' lang='lat' dir='ltr'>melmin</span> <span class='ocrx_word' id='word_1_227' title='bbox 939 2996 1218 3065; x_wconf 78' lang='lat' dir='ltr'>Thenalomcemis</span> 
     </span>
    </p>
   </div>
   <div class='ocr_carea' id='block_1_8' title="bbox 133 3077 1215 3167">
    <p class='ocr_par' dir='ltr' id='par_1_9' title="bbox 133 3077 1215 3167">
     <span class='ocr_line' id='line_1_28' title="bbox 133 3077 1215 3167; baseline -0.006 -17"><span class='ocrx_word' id='word_1_228' title='bbox 133 3081 349 3167; x_wconf 77' lang='lat' dir='ltr'>inspicerctss</span> <span class='ocrx_word' id='word_1_229' title='bbox 361 3086 469 3149; x_wconf 85' lang='lat' dir='ltr'>Thess.</span> <span class='ocrx_word' id='word_1_230' title='bbox 483 3086 512 3157; x_wconf 78' lang='lat'>5,</span> <span class='ocrx_word' id='word_1_231' title='bbox 527 3083 609 3159; x_wconf 74' lang='lat' dir='ltr'>i-s).</span> <span class='ocrx_word' id='word_1_232' title='bbox 624 3081 729 3143; x_wconf 83' lang='lat' dir='ltr'>Rediit</span> <span class='ocrx_word' id='word_1_233' title='bbox 741 3077 920 3139; x_wconf 85' lang='lat' dir='ltr'>Timotheus</span> <span class='ocrx_word' id='word_1_234' title='bbox 931 3096 1003 3139; x_wconf 81' lang='lat' dir='ltr'>mos</span> <span class='ocrx_word' id='word_1_235' title='bbox 1019 3079 1057 3141; x_wconf 88' lang='lat' dir='ltr'>ad</span> <span class='ocrx_word' id='word_1_236' title='bbox 1077 3082 1215 3157; x_wconf 84' lang='lat' dir='ltr'>Paulum,</span> 
     </span>
    </p>
   </div>
   <div class='ocr_carea' id='block_1_9' title="bbox 132 3162 1218 3417">
    <p class='ocr_par' dir='ltr' id='par_1_10' title="bbox 132 3162 1218 3417">
     <span class='ocr_line' id='line_1_29' title="bbox 132 3162 1218 3249; baseline -0.004 -15"><span class='ocrx_word' id='word_1_237' title='bbox 132 3170 187 3249; x_wconf 81' lang='lat' dir='ltr'>qui</span> <span class='ocrx_word' id='word_1_238' title='bbox 198 3178 265 3233; x_wconf 85' lang='lat' dir='ltr'>tum</span> <span class='ocrx_word' id='word_1_239' title='bbox 275 3178 343 3241; x_wconf 78' lang='lat' dir='ltr'>arat</span> <span class='ocrx_word' id='word_1_240' title='bbox 353 3170 495 3235; x_wconf 83' lang='lat' dir='ltr'>Corinthi</span> <span class='ocrx_word' id='word_1_241' title='bbox 506 3170 597 3247; x_wconf 78' lang='lat' dir='ltr'>(Act.</span> <span class='ocrx_word' id='word_1_242' title='bbox 612 3166 659 3237; x_wconf 78' lang='lat' dir='ltr'>is,</span> <span class='ocrx_word' id='word_1_243' title='bbox 672 3164 760 3241; x_wconf 65' lang='lat' dir='ltr'>ld),</span> <span class='ocrx_word' id='word_1_244' title='bbox 773 3180 903 3241; x_wconf 89' lang='lat' dir='ltr'>eumque</span> <span class='ocrx_word' id='word_1_245' title='bbox 916 3162 956 3225; x_wconf 93' lang='lat' dir='ltr'>de</span> <span class='ocrx_word' id='word_1_246' title='bbox 967 3170 1047 3225; x_wconf 84' lang='lat' dir='ltr'>statu</span> <span class='ocrx_word' id='word_1_247' title='bbox 1057 3164 1218 3229; x_wconf 88' lang='lat' dir='ltr'>Thessalo·</span> 
     </span>
     <span class='ocr_line' id='line_1_30' title="bbox 132 3246 1218 3329; baseline -0.004 -12"><span class='ocrx_word' id='word_1_248' title='bbox 132 3254 305 3319; x_wconf 84' lang='lat' dir='ltr'>nicensium</span> <span class='ocrx_word' id='word_1_249' title='bbox 317 3256 482 3317; x_wconf 83' lang='lat' dir='ltr'>certiorem</span> <span class='ocrx_word' id='word_1_250' title='bbox 492 3252 629 3315; x_wconf 82' lang='lat' dir='ltr'>reddidit</span> <span class='ocrx_word' id='word_1_251' title='bbox 634 3270 644 3323; x_wconf 88' lang='lat'>;</span> <span class='ocrx_word' id='word_1_252' title='bbox 658 3266 751 3329; x_wconf 81' lang='lat' dir='ltr'>quare</span> <span class='ocrx_word' id='word_1_253' title='bbox 763 3246 873 3309; x_wconf 87' lang='lat' dir='ltr'>Paulus</span> <span class='ocrx_word' id='word_1_254' title='bbox 889 3246 1053 3312; x_wconf 76' lang='lat' dir='ltr'>Corinthii</span> <span class='ocrx_word' id='word_1_255' title='bbox 1067 3249 1106 3312; x_wconf 89' lang='lat' dir='ltr'>ad</span> <span class='ocrx_word' id='word_1_256' title='bbox 1118 3250 1218 3313; x_wconf 77' lang='lat' dir='ltr'>&#39;lhos-</span> 
     </span>
     <span class='ocr_line' id='line_1_31' title="bbox 132 3338 621 3417; baseline -0.004 -16"><span class='ocrx_word' id='word_1_257' title='bbox 132 3338 340 3403; x_wconf 81' lang='lat' dir='ltr'>salonicenses</span> <span class='ocrx_word' id='word_1_258' title='bbox 351 3338 439 3400; x_wconf 87' lang='lat' dir='ltr'>dedit</span> <span class='ocrx_word' id='word_1_259' title='bbox 446 3338 621 3417; x_wconf 82' lang='lat' dir='ltr'>Epictetum.</span> 
     </span>
    </p>
   </div>
   <div class='ocr_carea' id='block_1_10' title="bbox 339 3482 1038 3549">
    <p class='ocr_par' dir='ltr' id='par_1_11' title="bbox 339 3482 1038 3549">
     <span class='ocr_line' id='line_1_32' title="bbox 339 3482 1038 3549; baseline -0.006 -12"><span class='ocrx_word' id='word_1_260' title='bbox 339 3486 438 3537; x_wconf 76' lang='lat' dir='ltr'>dcxlv.</span> <span class='ocrx_word' id='word_1_261' title='bbox 450 3512 481 3523; x_wconf 91' lang='lat'><em>-</em></span> <span class='ocrx_word' id='word_1_262' title='bbox 492 3486 670 3549; x_wconf 64' lang='lat' dir='ltr'>legumentum</span> <span class='ocrx_word' id='word_1_263' title='bbox 683 3486 711 3537; x_wconf 85' lang='lat' dir='ltr'>et</span> <span class='ocrx_word' id='word_1_264' title='bbox 724 3497 813 3549; x_wconf 84' lang='lat' dir='ltr'>scopus</span> <span class='ocrx_word' id='word_1_265' title='bbox 826 3484 902 3546; x_wconf 79' lang='lat' dir='ltr'>hnlns</span> <span class='ocrx_word' id='word_1_266' title='bbox 915 3482 1038 3547; x_wconf 70' lang='lat' dir='ltr'>liphtoln.</span> 
     </span>
    </p>
   </div>
   <div class='ocr_carea' id='block_1_11' title="bbox 123 3602 1219 4037">
    <p class='ocr_par' dir='ltr' id='par_1_12' title="bbox 123 3602 1219 4037">
     <span class='ocr_line' id='line_1_33' title="bbox 169 3602 1219 3687; baseline 0 -22"><span class='ocrx_word' id='word_1_267' title='bbox 169 3608 244 3667; x_wconf 77' lang='lat' dir='ltr'>tot.</span> <span class='ocrx_word' id='word_1_268' title='bbox 254 3608 475 3687; x_wconf 75' lang='lat' dir='ltr'>Argunientum</span> <span class='ocrx_word' id='word_1_269' title='bbox 491 3605 580 3685; x_wconf 74' lang='lat' dir='ltr'>huius</span> <span class='ocrx_word' id='word_1_270' title='bbox 598 3605 743 3686; x_wconf 71' lang='lat' dir='ltr'>Epistulae</span> <span class='ocrx_word' id='word_1_271' title='bbox 755 3612 893 3666; x_wconf 82' lang='lat' dir='ltr'>versatur</span> <span class='ocrx_word' id='word_1_272' title='bbox 902 3602 983 3665; x_wconf 83' lang='lat' dir='ltr'>circa</span> <span class='ocrx_word' id='word_1_273' title='bbox 995 3620 1042 3675; x_wconf 83' lang='lat' dir='ltr'>ca,</span> <span class='ocrx_word' id='word_1_274' title='bbox 1056 3622 1124 3683; x_wconf 74' lang='lat' dir='ltr'>qaum</span> <span class='ocrx_word' id='word_1_275' title='bbox 1137 3604 1219 3685; x_wconf 83' lang='lat' dir='ltr'>lipo-</span> 
     </span>
     <span class='ocr_line' id='line_1_34' title="bbox 123 3687 1218 3771; baseline 0 -22"><span class='ocrx_word' id='word_1_276' title='bbox 123 3690 228 3755; x_wconf 71' lang='lat' dir='ltr'>ntolm</span> <span class='ocrx_word' id='word_1_277' title='bbox 241 3710 262 3755; x_wconf 85' lang='lat' dir='ltr'>a</span> <span class='ocrx_word' id='word_1_278' title='bbox 273 3690 824 3771; x_wconf 80' lang='lat' dir='ltr'>Timothoo&#39;poneeperat,llcclesiam</span> <span class='ocrx_word' id='word_1_279' title='bbox 835 3704 945 3765; x_wconf 92' lang='lat' dir='ltr'>nempe</span> <span class='ocrx_word' id='word_1_280' title='bbox 965 3687 1218 3751; x_wconf 89' lang='lat' dir='ltr'>Thessalonicen-</span> 
     </span>
     <span class='ocr_line' id='line_1_35' title="bbox 124 3770 1219 3851; baseline -0.007 -8"><span class='ocrx_word' id='word_1_281' title='bbox 124 3794 205 3843; x_wconf 69' lang='lat' dir='ltr'>m</span> <span class='ocrx_word' id='word_1_282' title='bbox 224 3778 310 3839; x_wconf 87' lang='lat' dir='ltr'>hene</span> <span class='ocrx_word' id='word_1_283' title='bbox 337 3792 404 3839; x_wconf 84' lang='lat' dir='ltr'>esse</span> <span class='ocrx_word' id='word_1_284' title='bbox 422 3775 632 3847; x_wconf 85' lang='lat' dir='ltr'>constitutam,</span> <span class='ocrx_word' id='word_1_285' title='bbox 645 3772 808 3835; x_wconf 90' lang='lat' dir='ltr'>nonnullos</span> <span class='ocrx_word' id='word_1_286' title='bbox 826 3780 927 3833; x_wconf 87' lang='lat' dir='ltr'>autem</span> <span class='ocrx_word' id='word_1_287' title='bbox 948 3770 1053 3833; x_wconf 82' lang='lat' dir='ltr'>hdcles</span> <span class='ocrx_word' id='word_1_288' title='bbox 1077 3770 1219 3851; x_wconf 79' lang='lat' dir='ltr'>indigere</span> 
     </span>
     <span class='ocr_line' id='line_1_36' title="bbox 131 3858 1218 3937; baseline -0.006 -10"><span class='ocrx_word' id='word_1_289' title='bbox 131 3862 388 3934; x_wconf 72' lang='lat' dir='ltr'>insumuonihm</span> <span class='ocrx_word' id='word_1_290' title='bbox 399 3861 435 3921; x_wconf 84' lang='lat' dir='ltr'>de</span> <span class='ocrx_word' id='word_1_291' title='bbox 445 3868 526 3923; x_wconf 83' lang='lat' dir='ltr'>stetu</span> <span class='ocrx_word' id='word_1_292' title='bbox 536 3860 746 3937; x_wconf 54' lang='lat' dir='ltr'>&amp;musionium</span> <span class='ocrx_word' id='word_1_293' title='bbox 756 3858 792 3919; x_wconf 84' lang='lat' dir='ltr'>dc</span> <span class='ocrx_word' id='word_1_294' title='bbox 805 3858 929 3919; x_wconf 63' lang='lat' dir='ltr'>ducatu</span> <span class='ocrx_word' id='word_1_295' title='bbox 939 3858 1062 3919; x_wconf 75' lang='lat' dir='ltr'>Domiti</span> <span class='ocrx_word' id='word_1_296' title='bbox 1068 3866 1095 3919; x_wconf 87' lang='lat' dir='ltr'>et</span> <span class='ocrx_word' id='word_1_297' title='bbox 1107 3858 1143 3919; x_wconf 84' lang='lat' dir='ltr'>de</span> <span class='ocrx_word' id='word_1_298' title='bbox 1151 3858 1218 3921; x_wconf 88' lang='lat' dir='ltr'>ulti·</span> 
     </span>
     <span class='ocr_line' id='line_1_37' title="bbox 129 3940 1162 4037; baseline -0.005 -27"><span class='ocrx_word' id='word_1_299' title='bbox 129 3964 181 4015; x_wconf 68' lang='lat' dir='ltr'>nc</span> <span class='ocrx_word' id='word_1_300' title='bbox 186 3940 320 4037; x_wconf 69' lang='lat' dir='ltr'>jndicio,</span> <span class='ocrx_word' id='word_1_301' title='bbox 332 3946 450 4027; x_wconf 86' lang='lat' dir='ltr'>aliquos</span> <span class='ocrx_word' id='word_1_302' title='bbox 461 3963 528 4009; x_wconf 87' lang='lat' dir='ltr'>esse</span> <span class='ocrx_word' id='word_1_303' title='bbox 540 3945 702 4025; x_wconf 84' lang='lat' dir='ltr'>inquietos,</span> <span class='ocrx_word' id='word_1_304' title='bbox 715 3951 749 4005; x_wconf 89' lang='lat' dir='ltr'>ot</span> <span class='ocrx_word' id='word_1_305' title='bbox 759 3942 905 4021; x_wconf 89' lang='lat' dir='ltr'>quosdam</span> <span class='ocrx_word' id='word_1_306' title='bbox 915 3941 1076 4021; x_wconf 76' lang='lat' dir='ltr'>indulgere</span> <span class='ocrx_word' id='word_1_307' title='bbox 1087 3944 1162 4005; x_wconf 92' lang='lat' dir='ltr'>otio.</span> 
     </span>
    </p>
   </div>
   <div class='ocr_carea' id='block_1_12' title="bbox 166 4012 1350 4115">
    <p class='ocr_par' dir='ltr' id='par_1_13' title="bbox 166 4012 1350 4115">
     <span class='ocr_line' id='line_1_38' title="bbox 166 4012 1350 4115; baseline -0.008 -14"><span class='ocrx_word' id='word_1_308' title='bbox 166 4034 286 4101; x_wconf 76' lang='lat' dir='ltr'>Paulus</span> <span class='ocrx_word' id='word_1_309' title='bbox 297 4032 392 4115; x_wconf 73' lang='lat' dir='ltr'>igitur</span> <span class='ocrx_word' id='word_1_310' title='bbox 402 4028 724 4093; x_wconf 78' lang='lat' dir='ltr'>Thessalonicensibus</span> <span class='ocrx_word' id='word_1_311' title='bbox 734 4026 901 4109; x_wconf 72' lang='lat' dir='ltr'>pethaim</span> <span class='ocrx_word' id='word_1_312' title='bbox 912 4028 952 4091; x_wconf 88' lang='lat' dir='ltr'>dc</span> <span class='ocrx_word' id='word_1_313' title='bbox 963 4044 1017 4091; x_wconf 86' lang='lat' dir='ltr'>sua</span> <span class='ocrx_word' id='word_1_314' title='bbox 1028 4026 1061 4091; x_wconf 91' lang='lat' dir='ltr'>in</span> <span class='ocrx_word' id='word_1_315' title='bbox 1074 4028 1135 4093; x_wconf 85' lang='lat' dir='ltr'>hde</span> <span class='ocrx_word' id='word_1_316' title='bbox 1147 4048 1219 4093; x_wconf 89' lang='lat' dir='ltr'>con-</span> <span class='ocrx_word' id='word_1_317' title='bbox 1346 4012 1350 4023; x_wconf 54' lang='lat'><strong><em>⁵</em></strong></span> 
     </span>
    </p>
   </div>
   <div class='ocr_carea' id='block_1_13' title="bbox 0 0 1359 4846">
    <p class='ocr_par' dir='ltr' id='par_1_14' title="bbox 0 0 1359 4846">
     <span class='ocr_line' id='line_1_39' title="bbox 0 0 1359 4846; baseline 0 0"><span class='ocrx_word' id='word_1_318' title='bbox 0 0 1359 4846; x_wconf 95' lang='lat' dir='ltr'> </span> 
     </span>
    </p>
   </div>
  </div>
 </body>
</html>
