<?xml version="1.0" encoding="UTF-8"?>
<!DOCTYPE html PUBLIC "-//W3C//DTD XHTML 1.0 Transitional//EN"
    "http://www.w3.org/TR/xhtml1/DTD/xhtml1-transitional.dtd">
<html xmlns="http://www.w3.org/1999/xhtml" xml:lang="en" lang="en">
 <head>
  <title>
</title>
<meta http-equiv="Content-Type" content="text/html;charset=utf-8" />
  <meta name='ocr-system' content='tesseract 3.04.00' />
  <meta name='ocr-capabilities' content='ocr_page ocr_carea ocr_par ocr_line ocrx_word'/>
</head>
<body>
  <div class='ocr_page' id='page_1' title='image "./hermeneuticasac00jansgoog_0417.png"; bbox 0 0 2708 4846; ppageno 0'>
   <div class='ocr_carea' id='block_1_1' title="bbox 137 448 947 530">
    <p class='ocr_par' dir='ltr' id='par_1_1' title="bbox 137 448 947 530">
     <span class='ocr_line' id='line_1_1' title="bbox 137 448 947 530; baseline -0.007 -3"><span class='ocrx_word' id='word_1_1' title='bbox 137 479 185 530; x_wconf 75' lang='lat' dir='ltr'>tos</span> <span class='ocrx_word' id='word_1_2' title='bbox 432 478 476 525; x_wconf 85' lang='lat' dir='ltr'>un</span> <span class='ocrx_word' id='word_1_3' title='bbox 495 476 612 525; x_wconf 86' lang='lat' dir='ltr'>rnxru</span> <span class='ocrx_word' id='word_1_4' title='bbox 631 476 672 522; x_wconf 84' lang='lat' dir='ltr'>nr</span> <span class='ocrx_word' id='word_1_5' title='bbox 692 448 947 522; x_wconf 63' lang='lat' dir='ltr'>vunsronrnus‘</span> 
     </span>
    </p>
   </div>
   <div class='ocr_carea' id='block_1_2' title="bbox 138 574 1208 918">
    <p class='ocr_par' dir='ltr' id='par_1_2' title="bbox 138 574 1206 730">
     <span class='ocr_line' id='line_1_2' title="bbox 139 574 1206 657; baseline -0.009 -11"><span class='ocrx_word' id='word_1_6' title='bbox 139 583 274 646; x_wconf 83' lang='lat' dir='ltr'>dantiam</span> <span class='ocrx_word' id='word_1_7' title='bbox 285 583 445 642; x_wconf 78' lang='lat' dir='ltr'>librorum</span> <span class='ocrx_word' id='word_1_8' title='bbox 457 595 612 643; x_wconf 77' lang='lat' dir='ltr'>sacrorum</span> <span class='ocrx_word' id='word_1_9' title='bbox 621 577 947 657; x_wconf 84' lang='lat' dir='ltr'>curans,Scripturam</span> <span class='ocrx_word' id='word_1_10' title='bbox 959 574 1206 656; x_wconf 80' lang='lat' dir='ltr'>sacramiucapits</span> 
     </span>
     <span class='ocr_line' id='line_1_3' title="bbox 138 666 944 730; baseline -0.006 0"><span class='ocrx_word' id='word_1_11' title='bbox 138 667 288 730; x_wconf 75' lang='lat' dir='ltr'>hodierna</span> <span class='ocrx_word' id='word_1_12' title='bbox 301 666 468 729; x_wconf 85' lang='lat' dir='ltr'>distribuit.</span> <span class='ocrx_word' id='word_1_13' title='bbox 941 719 944 725; x_wconf 93' lang='grc'><em>,</em></span> 
     </span>
    </p>

    <p class='ocr_par' dir='ltr' id='par_1_3' title="bbox 139 747 1208 918">
     <span class='ocr_line' id='line_1_4' title="bbox 174 747 1208 829; baseline -0.005 -16"><span class='ocrx_word' id='word_1_14' title='bbox 174 752 336 813; x_wconf 76' lang='lat' dir='ltr'>Actualem</span> <span class='ocrx_word' id='word_1_15' title='bbox 358 768 432 812; x_wconf 85' lang='lat' dir='ltr'>vero</span> <span class='ocrx_word' id='word_1_16' title='bbox 457 750 688 811; x_wconf 75' lang='lat' dir='ltr'>distinctionem</span> <span class='ocrx_word' id='word_1_17' title='bbox 712 748 844 829; x_wconf 87' lang='lat' dir='ltr'>capitum</span> <span class='ocrx_word' id='word_1_18' title='bbox 867 751 903 808; x_wconf 92' lang='lat' dir='ltr'>lu</span> <span class='ocrx_word' id='word_1_19' title='bbox 928 765 1040 809; x_wconf 87' lang='lat' dir='ltr'>versus</span> <span class='ocrx_word' id='word_1_20' title='bbox 1064 747 1208 809; x_wconf 87' lang='lat' dir='ltr'>lntrodmit</span> 
     </span>
     <span class='ocr_line' id='line_1_5' title="bbox 139 835 1208 918; baseline -0.005 -15"><span class='ocrx_word' id='word_1_21' title='bbox 139 841 249 903; x_wconf 83' lang='lat' dir='ltr'>saecuo</span> <span class='ocrx_word' id='word_1_22' title='bbox 279 847 364 902; x_wconf 83' lang='lat' dir='ltr'>sexto</span> <span class='ocrx_word' id='word_1_23' title='bbox 393 838 514 900; x_wconf 90' lang='lat' dir='ltr'>decimo</span> <span class='ocrx_word' id='word_1_24' title='bbox 538 839 691 899; x_wconf 82' lang='lat' dir='ltr'>llobcrtus</span> <span class='ocrx_word' id='word_1_25' title='bbox 714 836 886 916; x_wconf 87' lang='lat' dir='ltr'>Stephanus</span> <span class='ocrx_word' id='word_1_26' title='bbox 911 835 1122 918; x_wconf 77' lang='lat' dir='ltr'><strong>typographus</strong></span> <span class='ocrx_word' id='word_1_27' title='bbox 1143 837 1208 898; x_wconf 78' lang='lat' dir='ltr'>Pari-</span> 
     </span>
    </p>
   </div>
   <div class='ocr_carea' id='block_1_3' title="bbox 138 929 259 991">
    <p class='ocr_par' dir='ltr' id='par_1_4' title="bbox 138 929 259 991">
     <span class='ocr_line' id='line_1_6' title="bbox 138 929 259 991; baseline 0 -1"><span class='ocrx_word' id='word_1_28' title='bbox 138 929 259 991; x_wconf 84' lang='lat' dir='ltr'>slensis.</span> 
     </span>
    </p>
   </div>
   <div class='ocr_carea' id='block_1_4' title="bbox 187 1060 1174 1180">
    <p class='ocr_par' dir='ltr' id='par_1_5' title="bbox 187 1060 1174 1180">
     <span class='ocr_line' id='line_1_7' title="bbox 187 1060 1174 1132; baseline -0.004 -18"><span class='ocrx_word' id='word_1_29' title='bbox 187 1063 205 1132; x_wconf 64' lang='lat'>5</span> <span class='ocrx_word' id='word_1_30' title='bbox 216 1066 259 1114; x_wconf 80' lang='lat' dir='ltr'>Vl.</span> <span class='ocrx_word' id='word_1_31' title='bbox 269 1087 301 1105; x_wconf 87' lang='lat'>-</span> <span class='ocrx_word' id='word_1_32' title='bbox 310 1063 536 1127; x_wconf 82' lang='lat' dir='ltr'>lutcrpuuctioues,</span> <span class='ocrx_word' id='word_1_33' title='bbox 546 1063 661 1127; x_wconf 89' lang='lat' dir='ltr'>spiritns,</span> <span class='ocrx_word' id='word_1_34' title='bbox 672 1061 791 1111; x_wconf 83' lang='lat' dir='ltr'>accentus</span> <span class='ocrx_word' id='word_1_35' title='bbox 800 1061 827 1110; x_wconf 84' lang='lat' dir='ltr'>et</span> <span class='ocrx_word' id='word_1_36' title='bbox 835 1060 929 1123; x_wconf 71' lang='lat' dir='ltr'>puncto</span> <span class='ocrx_word' id='word_1_37' title='bbox 940 1060 1040 1110; x_wconf 77' lang='lat' dir='ltr'>vocalia</span> <span class='ocrx_word' id='word_1_38' title='bbox 1051 1060 1174 1110; x_wconf 73' lang='lat' dir='ltr'>librorum</span> 
     </span>
     <span class='ocr_line' id='line_1_8' title="bbox 616 1142 750 1180; baseline -0.007 0"><span class='ocrx_word' id='word_1_39' title='bbox 616 1142 750 1180; x_wconf 85' lang='lat' dir='ltr'>sacromm.</span> 
     </span>
    </p>
   </div>
   <div class='ocr_carea' id='block_1_5' title="bbox 137 1249 1216 3490">
    <p class='ocr_par' dir='ltr' id='par_1_6' title="bbox 137 1249 1212 1744">
     <span class='ocr_line' id='line_1_9' title="bbox 177 1249 1210 1335; baseline -0.001 -23"><span class='ocrx_word' id='word_1_40' title='bbox 177 1258 251 1312; x_wconf 70' lang='grc'><strong>373.</strong></span> <span class='ocrx_word' id='word_1_41' title='bbox 263 1255 526 1335; x_wconf 86' lang='lat' dir='ltr'>luterpnnctionos</span> <span class='ocrx_word' id='word_1_42' title='bbox 539 1251 578 1313; x_wconf 82' lang='lat' dir='ltr'>ab</span> <span class='ocrx_word' id='word_1_43' title='bbox 588 1250 763 1312; x_wconf 85' lang='lat' dir='ltr'>auctoribus</span> <span class='ocrx_word' id='word_1_44' title='bbox 775 1251 868 1312; x_wconf 87' lang='lat' dir='ltr'>sacris</span> <span class='ocrx_word' id='word_1_45' title='bbox 881 1250 1012 1329; x_wconf 72' lang='lat' dir='ltr'>adiectas</span> <span class='ocrx_word' id='word_1_46' title='bbox 1023 1267 1089 1311; x_wconf 93' lang='lat' dir='ltr'>non</span> <span class='ocrx_word' id='word_1_47' title='bbox 1098 1249 1210 1312; x_wconf 75' lang='lat' dir='ltr'>lucrum</span> 
     </span>
     <span class='ocr_line' id='line_1_10' title="bbox 140 1336 1211 1418; baseline -0.005 -16"><span class='ocrx_word' id='word_1_48' title='bbox 140 1343 215 1402; x_wconf 74' lang='lat' dir='ltr'>llaec</span> <span class='ocrx_word' id='word_1_49' title='bbox 230 1342 317 1418; x_wconf 88' lang='lat' dir='ltr'>sigua</span> <span class='ocrx_word' id='word_1_50' title='bbox 329 1339 580 1418; x_wconf 78' lang='lat' dir='ltr'>grammaticalia,</span> <span class='ocrx_word' id='word_1_51' title='bbox 593 1354 721 1417; x_wconf 90' lang='lat' dir='ltr'>quorum</span> <span class='ocrx_word' id='word_1_52' title='bbox 733 1336 922 1397; x_wconf 86' lang='lat' dir='ltr'>inventionis</span> <span class='ocrx_word' id='word_1_53' title='bbox 935 1344 1058 1416; x_wconf 87' lang='lat' dir='ltr'>tempus</span> <span class='ocrx_word' id='word_1_54' title='bbox 1071 1343 1117 1399; x_wconf 86' lang='lat' dir='ltr'>est</span> <span class='ocrx_word' id='word_1_55' title='bbox 1128 1337 1211 1398; x_wconf 82' lang='lat' dir='ltr'>incer·</span> 
     </span>
     <span class='ocr_line' id='line_1_11' title="bbox 140 1423 1212 1502; baseline -0.003 -15"><span class='ocrx_word' id='word_1_56' title='bbox 140 1436 219 1500; x_wconf 91' lang='lat' dir='ltr'>tum,</span> <span class='ocrx_word' id='word_1_57' title='bbox 232 1426 331 1488; x_wconf 79' lang='lat' dir='ltr'>adhuc</span> <span class='ocrx_word' id='word_1_58' title='bbox 346 1425 456 1486; x_wconf 85' lang='lat' dir='ltr'>saeculo</span> <span class='ocrx_word' id='word_1_59' title='bbox 473 1425 578 1502; x_wconf 91' lang='lat' dir='ltr'>quinto</span> <span class='ocrx_word' id='word_1_60' title='bbox 591 1426 625 1485; x_wconf 91' lang='lat' dir='ltr'>in</span> <span class='ocrx_word' id='word_1_61' title='bbox 637 1424 739 1485; x_wconf 82' lang='lat' dir='ltr'>Libris</span> <span class='ocrx_word' id='word_1_62' title='bbox 751 1423 845 1484; x_wconf 90' lang='lat' dir='ltr'>sacris</span> <span class='ocrx_word' id='word_1_63' title='bbox 856 1423 973 1484; x_wconf 85' lang='lat' dir='ltr'>veteris</span> <span class='ocrx_word' id='word_1_64' title='bbox 984 1440 1023 1484; x_wconf 88' lang='lat' dir='ltr'>ac</span> <span class='ocrx_word' id='word_1_65' title='bbox 1036 1424 1111 1484; x_wconf 84' lang='lat' dir='ltr'>novi</span> <span class='ocrx_word' id='word_1_66' title='bbox 1123 1423 1212 1485; x_wconf 79' lang='lat' dir='ltr'>Fode-</span> 
     </span>
     <span class='ocr_line' id='line_1_12' title="bbox 138 1509 1211 1589; baseline -0.004 -16"><span class='ocrx_word' id='word_1_67' title='bbox 138 1512 184 1573; x_wconf 89' lang='lat' dir='ltr'>ris</span> <span class='ocrx_word' id='word_1_68' title='bbox 200 1528 263 1571; x_wconf 93' lang='lat' dir='ltr'>non</span> <span class='ocrx_word' id='word_1_69' title='bbox 282 1510 420 1579; x_wconf 85' lang='lat' dir='ltr'>luerunt,</span> <span class='ocrx_word' id='word_1_70' title='bbox 435 1517 468 1569; x_wconf 90' lang='lat' dir='ltr'>ut</span> <span class='ocrx_word' id='word_1_71' title='bbox 485 1527 524 1569; x_wconf 84' lang='lat' dir='ltr'>cx</span> <span class='ocrx_word' id='word_1_72' title='bbox 541 1509 662 1570; x_wconf 87' lang='lat' dir='ltr'>diversa</span> <span class='ocrx_word' id='word_1_73' title='bbox 674 1510 855 1589; x_wconf 87' lang='lat' dir='ltr'>scriptorum</span> <span class='ocrx_word' id='word_1_74' title='bbox 867 1517 1009 1570; x_wconf 85' lang='lat' dir='ltr'>veterum</span> <span class='ocrx_word' id='word_1_75' title='bbox 1025 1509 1144 1572; x_wconf 86' lang='lat' dir='ltr'>ratione</span> <span class='ocrx_word' id='word_1_76' title='bbox 1152 1527 1211 1570; x_wconf 90' lang='lat' dir='ltr'>con·</span> 
     </span>
     <span class='ocr_line' id='line_1_13' title="bbox 137 1593 1211 1676; baseline -0.002 -19"><span class='ocrx_word' id='word_1_77' title='bbox 137 1595 285 1676; x_wconf 82' lang='lat' dir='ltr'>jungendi</span> <span class='ocrx_word' id='word_1_78' title='bbox 300 1602 352 1655; x_wconf 83' lang='lat' dir='ltr'>aut</span> <span class='ocrx_word' id='word_1_79' title='bbox 364 1593 558 1673; x_wconf 80' lang='lat' dir='ltr'>disjungendi</span> <span class='ocrx_word' id='word_1_80' title='bbox 574 1595 670 1655; x_wconf 85' lang='lat' dir='ltr'>verba</span> <span class='ocrx_word' id='word_1_81' title='bbox 681 1601 835 1665; x_wconf 80' lang='lat' dir='ltr'>textuum,</span> <span class='ocrx_word' id='word_1_82' title='bbox 849 1600 943 1672; x_wconf 85' lang='lat' dir='ltr'>atque</span> <span class='ocrx_word' id='word_1_83' title='bbox 961 1611 1001 1656; x_wconf 82' lang='lat' dir='ltr'>ox</span> <span class='ocrx_word' id='word_1_84' title='bbox 1013 1595 1047 1656; x_wconf 88' lang='lat' dir='ltr'>S.</span> <span class='ocrx_word' id='word_1_85' title='bbox 1057 1595 1211 1674; x_wconf 76' lang='lat' dir='ltr'>Augustino</span> 
     </span>
     <span class='ocr_line' id='line_1_14' title="bbox 140 1681 286 1744; baseline 0.007 -1"><span class='ocrx_word' id='word_1_86' title='bbox 140 1681 286 1744; x_wconf 82' lang='lat' dir='ltr'>constat&#39;.</span> 
     </span>
    </p>

    <p class='ocr_par' dir='ltr' id='par_1_7' title="bbox 138 1766 1216 2625">
     <span class='ocr_line' id='line_1_15' title="bbox 176 1766 1213 1846; baseline -0.001 -17"><span class='ocrx_word' id='word_1_87' title='bbox 176 1769 311 1830; x_wconf 78' lang='lat' dir='ltr'>Eulalius</span> <span class='ocrx_word' id='word_1_88' title='bbox 329 1786 404 1830; x_wconf 88' lang='lat' dir='ltr'>vero</span> <span class='ocrx_word' id='word_1_89' title='bbox 426 1770 570 1831; x_wconf 88' lang='lat' dir='ltr'>diaconm</span> <span class='ocrx_word' id='word_1_90' title='bbox 590 1769 681 1830; x_wconf 81' lang='lat' dir='ltr'>Alex.</span> <span class='ocrx_word' id='word_1_91' title='bbox 703 1768 785 1829; x_wconf 86' lang='lat' dir='ltr'>circa</span> <span class='ocrx_word' id='word_1_92' title='bbox 803 1783 916 1827; x_wconf 84' lang='lat' dir='ltr'>unnrrm</span> <span class='ocrx_word' id='word_1_93' title='bbox 932 1766 990 1827; x_wconf 67' lang='lat' dir='ltr'>lbi</span> <span class='ocrx_word' id='word_1_94' title='bbox 1008 1784 1081 1828; x_wconf 80' lang='lat' dir='ltr'>aerae</span> <span class='ocrx_word' id='word_1_95' title='bbox 1097 1766 1213 1846; x_wconf 73' lang='lat' dir='ltr'>vnlgtqis</span> 
     </span>
     <span class='ocr_line' id='line_1_16' title="bbox 139 1852 1213 1934; baseline -0.002 -18"><span class='ocrx_word' id='word_1_96' title='bbox 139 1855 235 1917; x_wconf 87' lang='lat' dir='ltr'>verba</span> <span class='ocrx_word' id='word_1_97' title='bbox 245 1854 408 1916; x_wconf 88' lang='lat' dir='ltr'>Librormn</span> <span class='ocrx_word' id='word_1_98' title='bbox 419 1872 572 1916; x_wconf 90' lang='lat' dir='ltr'>sacrorum</span> <span class='ocrx_word' id='word_1_99' title='bbox 583 1854 869 1928; x_wconf 62' lang='lat' dir='ltr'>divisitmmxoc,</span> <span class='ocrx_word' id='word_1_100' title='bbox 888 1852 1213 1934; x_wconf 73' lang='lat' dir='ltr'>jnxtosticlsomstriost,</span> 
     </span>
     <span class='ocr_line' id='line_1_17' title="bbox 138 1939 1214 2023; baseline -0.004 -19"><span class='ocrx_word' id='word_1_101' title='bbox 138 1960 195 2004; x_wconf 89' lang='lat' dir='ltr'>seu</span> <span class='ocrx_word' id='word_1_102' title='bbox 210 1944 243 2004; x_wconf 93' lang='lat' dir='ltr'>in</span> <span class='ocrx_word' id='word_1_103' title='bbox 260 1944 412 2005; x_wconf 82' lang='lat' dir='ltr'>sectiones</span> <span class='ocrx_word' id='word_1_104' title='bbox 429 1945 568 2022; x_wconf 81' lang='lat' dir='ltr'>exiguas,</span> <span class='ocrx_word' id='word_1_105' title='bbox 582 1950 627 2003; x_wconf 87' lang='lat' dir='ltr'>tot</span> <span class='ocrx_word' id='word_1_106' title='bbox 639 1959 748 2023; x_wconf 86' lang='lat' dir='ltr'>nempe</span> <span class='ocrx_word' id='word_1_107' title='bbox 760 1943 855 2002; x_wconf 86' lang='lat' dir='ltr'>verba</span> <span class='ocrx_word' id='word_1_108' title='bbox 865 1941 899 2001; x_wconf 91' lang='lat' dir='ltr'>in</span> <span class='ocrx_word' id='word_1_109' title='bbox 913 1941 1025 2002; x_wconf 90' lang='lat' dir='ltr'>eadem</span> <span class='ocrx_word' id='word_1_110' title='bbox 1036 1941 1122 2002; x_wconf 80' lang='lat' dir='ltr'>linea</span> <span class='ocrx_word' id='word_1_111' title='bbox 1133 1939 1214 2002; x_wconf 87' lang='lat' dir='ltr'>collo-</span> 
     </span>
     <span class='ocr_line' id='line_1_18' title="bbox 139 2027 1215 2109; baseline -0.002 -18"><span class='ocrx_word' id='word_1_112' title='bbox 139 2031 253 2101; x_wconf 92' lang='lat' dir='ltr'>cando,</span> <span class='ocrx_word' id='word_1_113' title='bbox 266 2037 341 2108; x_wconf 91' lang='lat' dir='ltr'>quot</span> <span class='ocrx_word' id='word_1_114' title='bbox 350 2031 431 2091; x_wconf 90' lang='lat' dir='ltr'>serie</span> <span class='ocrx_word' id='word_1_115' title='bbox 446 2031 620 2091; x_wconf 82' lang='lat' dir='ltr'>continuata</span> <span class='ocrx_word' id='word_1_116' title='bbox 632 2030 695 2109; x_wconf 89' lang='lat' dir='ltr'>legi</span> <span class='ocrx_word' id='word_1_117' title='bbox 705 2028 870 2090; x_wconf 82' lang='lat' dir='ltr'>debebant.</span> <span class='ocrx_word' id='word_1_118' title='bbox 880 2028 955 2088; x_wconf 83' lang='lat' dir='ltr'>llaec</span> <span class='ocrx_word' id='word_1_119' title='bbox 964 2027 1081 2089; x_wconf 89' lang='lat' dir='ltr'>divisio</span> <span class='ocrx_word' id='word_1_120' title='bbox 1090 2027 1215 2106; x_wconf 79' lang='lat' dir='ltr'>latepro</span> 
     </span>
     <span class='ocr_line' id='line_1_19' title="bbox 138 2113 1215 2195; baseline -0.005 -18"><span class='ocrx_word' id='word_1_121' title='bbox 138 2124 248 2195; x_wconf 81' lang='lat' dir='ltr'>pagata</span> <span class='ocrx_word' id='word_1_122' title='bbox 259 2117 325 2176; x_wconf 84' lang='lat' dir='ltr'>luit.</span> <span class='ocrx_word' id='word_1_123' title='bbox 340 2117 448 2177; x_wconf 81' lang='lat' dir='ltr'>Postea</span> <span class='ocrx_word' id='word_1_124' title='bbox 462 2123 562 2176; x_wconf 84' lang='lat' dir='ltr'>sutem</span> <span class='ocrx_word' id='word_1_125' title='bbox 575 2117 614 2177; x_wconf 88' lang='lat' dir='ltr'>ad</span> <span class='ocrx_word' id='word_1_126' title='bbox 627 2117 804 2178; x_wconf 90' lang='lat' dir='ltr'>lucrandum</span> <span class='ocrx_word' id='word_1_127' title='bbox 814 2114 948 2194; x_wconf 88' lang='lat' dir='ltr'>spatium</span> <span class='ocrx_word' id='word_1_128' title='bbox 953 2115 988 2174; x_wconf 93' lang='lat' dir='ltr'>in</span> <span class='ocrx_word' id='word_1_129' title='bbox 1001 2115 1105 2186; x_wconf 90' lang='lat' dir='ltr'>libris,</span> <span class='ocrx_word' id='word_1_130' title='bbox 1119 2115 1168 2193; x_wconf 94' lang='lat' dir='ltr'>qui</span> <span class='ocrx_word' id='word_1_131' title='bbox 1178 2113 1215 2173; x_wconf 83' lang='lat' dir='ltr'>ita</span> 
     </span>
     <span class='ocr_line' id='line_1_20' title="bbox 139 2199 1215 2280; baseline 0.002 -21"><span class='ocrx_word' id='word_1_132' title='bbox 139 2201 321 2263; x_wconf 90' lang='lat' dir='ltr'>voluminosi</span> <span class='ocrx_word' id='word_1_133' title='bbox 344 2201 529 2272; x_wconf 82' lang='lat' dir='ltr'>evadebant,</span> <span class='ocrx_word' id='word_1_134' title='bbox 548 2209 617 2280; x_wconf 89' lang='lat' dir='ltr'>post</span> <span class='ocrx_word' id='word_1_135' title='bbox 632 2203 802 2280; x_wconf 82' lang='lat' dir='ltr'>quemlibet</span> <span class='ocrx_word' id='word_1_136' title='bbox 812 2230 896 2276; x_wconf 59' lang='grc' dir='ltr'><strong>ςτιχη,</strong></span> <span class='ocrx_word' id='word_1_137' title='bbox 911 2200 1056 2275; x_wconf 75' lang='lat' dir='ltr'>stichum,</span> <span class='ocrx_word' id='word_1_138' title='bbox 1069 2218 1126 2263; x_wconf 87' lang='lat' dir='ltr'>seu</span> <span class='ocrx_word' id='word_1_139' title='bbox 1136 2199 1215 2261; x_wconf 83' lang='lat' dir='ltr'>linem</span> 
     </span>
     <span class='ocr_line' id='line_1_21' title="bbox 138 2286 1216 2367; baseline 0.005 -23"><span class='ocrx_word' id='word_1_140' title='bbox 138 2286 246 2360; x_wconf 82' lang='lat' dir='ltr'>lineae,</span> <span class='ocrx_word' id='word_1_141' title='bbox 265 2288 437 2367; x_wconf 86' lang='lat' dir='ltr'>adpositum</span> <span class='ocrx_word' id='word_1_142' title='bbox 453 2288 512 2348; x_wconf 86' lang='lat' dir='ltr'>lult</span> <span class='ocrx_word' id='word_1_143' title='bbox 532 2288 651 2366; x_wconf 86' lang='lat' dir='ltr'>signum</span> <span class='ocrx_word' id='word_1_144' title='bbox 672 2289 810 2367; x_wconf 87' lang='lat' dir='ltr'>aliquod,</span> <span class='ocrx_word' id='word_1_145' title='bbox 824 2296 859 2349; x_wconf 93' lang='lat' dir='ltr'>ut</span> <span class='ocrx_word' id='word_1_146' title='bbox 880 2305 969 2359; x_wconf 84' lang='lat' dir='ltr'>crux,</span> <span class='ocrx_word' id='word_1_147' title='bbox 983 2295 1147 2367; x_wconf 73' lang='lat' dir='ltr'>punctum,</span> <span class='ocrx_word' id='word_1_148' title='bbox 1164 2287 1216 2349; x_wconf 85' lang='lat' dir='ltr'>(luo</span> 
     </span>
     <span class='ocr_line' id='line_1_22' title="bbox 139 2371 1215 2450; baseline 0.003 -19"><span class='ocrx_word' id='word_1_149' title='bbox 139 2378 267 2450; x_wconf 74' lang='lat' dir='ltr'>puncta,</span> <span class='ocrx_word' id='word_1_150' title='bbox 282 2379 354 2442; x_wconf 83' lang='lat' dir='ltr'>etc,</span> <span class='ocrx_word' id='word_1_151' title='bbox 367 2378 398 2431; x_wconf 91' lang='lat' dir='ltr'>et</span> <span class='ocrx_word' id='word_1_152' title='bbox 411 2371 518 2431; x_wconf 90' lang='lat' dir='ltr'>eadem</span> <span class='ocrx_word' id='word_1_153' title='bbox 533 2371 614 2432; x_wconf 89' lang='lat' dir='ltr'>linea</span> <span class='ocrx_word' id='word_1_154' title='bbox 627 2374 1017 2436; x_wconf 85' lang='lat' dir='ltr'>continuabatm.Tandem</span> <span class='ocrx_word' id='word_1_155' title='bbox 1025 2374 1215 2436; x_wconf 70' lang='lat' dir='ltr'>s&#39;cculonooo</span> 
     </span>
     <span class='ocr_line' id='line_1_23' title="bbox 139 2456 1216 2540; baseline 0.005 -23"><span class='ocrx_word' id='word_1_156' title='bbox 139 2465 171 2517; x_wconf 85' lang='lat' dir='ltr'>at</span> <span class='ocrx_word' id='word_1_157' title='bbox 183 2457 302 2519; x_wconf 91' lang='lat' dir='ltr'>decimo</span> <span class='ocrx_word' id='word_1_158' title='bbox 313 2456 463 2538; x_wconf 81' lang='lat' dir='ltr'>regularis</span> <span class='ocrx_word' id='word_1_159' title='bbox 477 2457 682 2536; x_wconf 75' lang='lat' dir='ltr'>interpunctio</span> <span class='ocrx_word' id='word_1_160' title='bbox 699 2461 821 2525; x_wconf 88' lang='lat' dir='ltr'>invecta</span> <span class='ocrx_word' id='word_1_161' title='bbox 833 2469 894 2534; x_wconf 89' lang='lat' dir='ltr'>est,</span> <span class='ocrx_word' id='word_1_162' title='bbox 911 2469 1004 2540; x_wconf 88' lang='lat' dir='ltr'>atquc</span> <span class='ocrx_word' id='word_1_163' title='bbox 1017 2460 1216 2524; x_wconf 79' lang='lat' dir='ltr'>sticbometrlr</span> 
     </span>
     <span class='ocr_line' id='line_1_24' title="bbox 138 2543 356 2625; baseline 0.005 -21"><span class='ocrx_word' id='word_1_164' title='bbox 138 2543 280 2625; x_wconf 87' lang='lat' dir='ltr'>neglecta</span> <span class='ocrx_word' id='word_1_165' title='bbox 289 2545 356 2606; x_wconf 86' lang='lat' dir='ltr'>luit.</span> 
     </span>
    </p>

    <p class='ocr_par' dir='ltr' id='par_1_8' title="bbox 137 2630 1216 2970">
     <span class='ocr_line' id='line_1_25' title="bbox 176 2630 1216 2712; baseline 0.004 -22"><span class='ocrx_word' id='word_1_166' title='bbox 176 2632 317 2693; x_wconf 80' lang='lat' dir='ltr'>Aesculus</span> <span class='ocrx_word' id='word_1_167' title='bbox 342 2637 369 2691; x_wconf 89' lang='lat' dir='ltr'>et</span> <span class='ocrx_word' id='word_1_168' title='bbox 393 2630 525 2710; x_wconf 82' lang='lat' dir='ltr'>spiritus,</span> <span class='ocrx_word' id='word_1_169' title='bbox 547 2637 582 2690; x_wconf 94' lang='lat' dir='ltr'>ut</span> <span class='ocrx_word' id='word_1_170' title='bbox 603 2630 783 2710; x_wconf 84' lang='lat' dir='ltr'>plerumque</span> <span class='ocrx_word' id='word_1_171' title='bbox 806 2634 958 2704; x_wconf 88' lang='lat' dir='ltr'>creditur,</span> <span class='ocrx_word' id='word_1_172' title='bbox 979 2634 1095 2696; x_wconf 82' lang='lat' dir='ltr'>saeculo</span> <span class='ocrx_word' id='word_1_173' title='bbox 1120 2639 1216 2712; x_wconf 81' lang='lat' dir='ltr'>quarto</span> 
     </span>
     <span class='ocr_line' id='line_1_26' title="bbox 137 2718 1215 2800; baseline 0.004 -22"><span class='ocrx_word' id='word_1_174' title='bbox 137 2718 241 2781; x_wconf 80' lang='lat' dir='ltr'>Libris</span> <span class='ocrx_word' id='word_1_175' title='bbox 251 2719 344 2781; x_wconf 85' lang='lat' dir='ltr'>sacris</span> <span class='ocrx_word' id='word_1_176' title='bbox 356 2718 485 2797; x_wconf 90' lang='lat' dir='ltr'>appositi</span> <span class='ocrx_word' id='word_1_177' title='bbox 504 2725 589 2789; x_wconf 86' lang='lat' dir='ltr'>sunt,</span> <span class='ocrx_word' id='word_1_178' title='bbox 612 2736 681 2779; x_wconf 89' lang='lat' dir='ltr'>cum</span> <span class='ocrx_word' id='word_1_179' title='bbox 698 2729 783 2781; x_wconf 89' lang='lat' dir='ltr'>recta</span> <span class='ocrx_word' id='word_1_180' title='bbox 800 2721 1019 2800; x_wconf 87' lang='lat' dir='ltr'>pronuntiandi</span> <span class='ocrx_word' id='word_1_181' title='bbox 1037 2722 1119 2783; x_wconf 88' lang='lat' dir='ltr'>ratio</span> <span class='ocrx_word' id='word_1_182' title='bbox 1133 2720 1215 2782; x_wconf 88' lang='lat' dir='ltr'>obllt-</span> 
     </span>
     <span class='ocr_line' id='line_1_27' title="bbox 138 2804 1216 2884; baseline 0.003 -20"><span class='ocrx_word' id='word_1_183' title='bbox 138 2812 236 2866; x_wconf 83' lang='lat' dir='ltr'>lerata</span> <span class='ocrx_word' id='word_1_184' title='bbox 258 2812 351 2876; x_wconf 80' lang='lat' dir='ltr'>esset3</span> <span class='ocrx_word' id='word_1_185' title='bbox 374 2811 406 2865; x_wconf 87' lang='lat' dir='ltr'>et</span> <span class='ocrx_word' id='word_1_186' title='bbox 421 2804 494 2864; x_wconf 89' lang='lat' dir='ltr'>hinc</span> <span class='ocrx_word' id='word_1_187' title='bbox 511 2820 633 2883; x_wconf 90' lang='lat' dir='ltr'>prorsus</span> <span class='ocrx_word' id='word_1_188' title='bbox 650 2805 759 2867; x_wconf 88' lang='lat' dir='ltr'>desunt</span> <span class='ocrx_word' id='word_1_189' title='bbox 775 2807 808 2866; x_wconf 93' lang='lat' dir='ltr'>in</span> <span class='ocrx_word' id='word_1_190' title='bbox 826 2806 1047 2884; x_wconf 85' lang='lat' dir='ltr'>antiquissimis</span> <span class='ocrx_word' id='word_1_191' title='bbox 1068 2805 1216 2869; x_wconf 81' lang='lat' dir='ltr'>codicibus</span> 
     </span>
     <span class='ocr_line' id='line_1_28' title="bbox 138 2891 360 2970; baseline -0.005 -19"><span class='ocrx_word' id='word_1_192' title='bbox 138 2891 360 2970; x_wconf 78' lang='lat' dir='ltr'>manuscriptis.</span> 
     </span>
    </p>

    <p class='ocr_par' dir='ltr' id='par_1_9' title="bbox 138 2977 1216 3490">
     <span class='ocr_line' id='line_1_29' title="bbox 175 2977 1215 3057; baseline 0.003 -21"><span class='ocrx_word' id='word_1_193' title='bbox 175 2978 288 3036; x_wconf 63' lang='lat' dir='ltr'>musta</span> <span class='ocrx_word' id='word_1_194' title='bbox 299 2993 373 3037; x_wconf 85' lang='lat' dir='ltr'>vero</span> <span class='ocrx_word' id='word_1_195' title='bbox 387 2977 502 3038; x_wconf 81' lang='lat' dir='ltr'>vocatio</span> <span class='ocrx_word' id='word_1_196' title='bbox 514 2978 642 3057; x_wconf 88' lang='lat' dir='ltr'>singulis</span> <span class='ocrx_word' id='word_1_197' title='bbox 655 2979 760 3041; x_wconf 85' lang='lat' dir='ltr'>verbis</span> <span class='ocrx_word' id='word_1_198' title='bbox 772 2985 873 3040; x_wconf 85' lang='lat' dir='ltr'>textus</span> <span class='ocrx_word' id='word_1_199' title='bbox 886 2979 1006 3041; x_wconf 83' lang='lat' dir='ltr'>hebraei</span> <span class='ocrx_word' id='word_1_200' title='bbox 1021 2981 1064 3041; x_wconf 89' lang='lat' dir='ltr'>ab</span> <span class='ocrx_word' id='word_1_201' title='bbox 1080 2978 1215 3042; x_wconf 75' lang='lat' dir='ltr'>Auctori-</span> 
     </span>
     <span class='ocr_line' id='line_1_30' title="bbox 138 3061 1216 3146; baseline 0.007 -25"><span class='ocrx_word' id='word_1_202' title='bbox 138 3062 195 3122; x_wconf 89' lang='lat' dir='ltr'>bus</span> <span class='ocrx_word' id='word_1_203' title='bbox 211 3061 304 3123; x_wconf 88' lang='lat' dir='ltr'>sacris</span> <span class='ocrx_word' id='word_1_204' title='bbox 317 3061 434 3142; x_wconf 82' lang='lat' dir='ltr'>adjecta</span> <span class='ocrx_word' id='word_1_205' title='bbox 447 3082 508 3125; x_wconf 93' lang='lat' dir='ltr'>non</span> <span class='ocrx_word' id='word_1_206' title='bbox 521 3071 605 3137; x_wconf 87' lang='lat' dir='ltr'>sunt,</span> <span class='ocrx_word' id='word_1_207' title='bbox 620 3065 694 3128; x_wconf 85' lang='lat' dir='ltr'>licet</span> <span class='ocrx_word' id='word_1_208' title='bbox 710 3066 810 3143; x_wconf 88' lang='lat' dir='ltr'>aliqua</span> <span class='ocrx_word' id='word_1_209' title='bbox 822 3065 900 3127; x_wconf 89' lang='lat' dir='ltr'>locis</span> <span class='ocrx_word' id='word_1_210' title='bbox 911 3064 1140 3129; x_wconf 88' lang='lat' dir='ltr'>dillicilioribus</span> <span class='ocrx_word' id='word_1_211' title='bbox 1150 3080 1216 3146; x_wconf 66' lang='lat' dir='ltr'>prz-</span> 
     </span>
     <span class='ocr_line' id='line_1_31' title="bbox 138 3151 1215 3234; baseline 0.007 -23"><span class='ocrx_word' id='word_1_212' title='bbox 138 3151 244 3212; x_wconf 90' lang='lat' dir='ltr'>sertim</span> <span class='ocrx_word' id='word_1_213' title='bbox 272 3154 483 3215; x_wconf 84' lang='lat' dir='ltr'>verisimiliter</span> <span class='ocrx_word' id='word_1_214' title='bbox 510 3156 549 3217; x_wconf 90' lang='lat' dir='ltr'>ab</span> <span class='ocrx_word' id='word_1_215' title='bbox 580 3155 625 3216; x_wconf 91' lang='lat' dir='ltr'>eis</span> <span class='ocrx_word' id='word_1_216' title='bbox 650 3155 786 3234; x_wconf 83' lang='lat' dir='ltr'>adposita</span> <span class='ocrx_word' id='word_1_217' title='bbox 809 3156 932 3216; x_wconf 86' lang='lat' dir='ltr'>luerint.</span> <span class='ocrx_word' id='word_1_218' title='bbox 956 3157 1104 3218; x_wconf 79' lang='lat' dir='ltr'>Actualia</span> <span class='ocrx_word' id='word_1_219' title='bbox 1125 3163 1215 3218; x_wconf 70' lang='lat' dir='ltr'>amen</span> 
     </span>
     <span class='ocr_line' id='line_1_32' title="bbox 138 3241 1215 3322; baseline 0.002 -23"><span class='ocrx_word' id='word_1_220' title='bbox 138 3246 250 3318; x_wconf 83' lang='lat' dir='ltr'>puncta</span> <span class='ocrx_word' id='word_1_221' title='bbox 267 3241 399 3311; x_wconf 85' lang='lat' dir='ltr'>vocalia,</span> <span class='ocrx_word' id='word_1_222' title='bbox 413 3258 481 3318; x_wconf 83' lang='lat' dir='ltr'>quae</span> <span class='ocrx_word' id='word_1_223' title='bbox 500 3243 627 3322; x_wconf 85' lang='lat' dir='ltr'>singulis</span> <span class='ocrx_word' id='word_1_224' title='bbox 645 3243 748 3303; x_wconf 86' lang='lat' dir='ltr'>verbis</span> <span class='ocrx_word' id='word_1_225' title='bbox 762 3250 860 3303; x_wconf 75' lang='lat' dir='ltr'>tenuas</span> <span class='ocrx_word' id='word_1_226' title='bbox 872 3242 991 3303; x_wconf 79' lang='lat' dir='ltr'>ltebraei</span> <span class='ocrx_word' id='word_1_227' title='bbox 1007 3241 1131 3321; x_wconf 78' lang='lat' dir='ltr'>adjectu</span> <span class='ocrx_word' id='word_1_228' title='bbox 1146 3243 1215 3322; x_wconf 88' lang='lat' dir='ltr'>lsgi·</span> 
     </span>
     <span class='ocr_line' id='line_1_33' title="bbox 138 3325 1214 3396; baseline 0.006 -14"><span class='ocrx_word' id='word_1_229' title='bbox 138 3341 219 3396; x_wconf 88' lang='lat' dir='ltr'>mus,</span> <span class='ocrx_word' id='word_1_230' title='bbox 241 3325 323 3386; x_wconf 91' lang='lat' dir='ltr'>circa</span> <span class='ocrx_word' id='word_1_231' title='bbox 342 3326 485 3387; x_wconf 81' lang='lat' dir='ltr'>saectrlum</span> <span class='ocrx_word' id='word_1_232' title='bbox 503 3335 621 3387; x_wconf 86' lang='lat' dir='ltr'>sextmn</span> <span class='ocrx_word' id='word_1_233' title='bbox 640 3344 659 3388; x_wconf 86' lang='lat' dir='ltr'>a</span> <span class='ocrx_word' id='word_1_234' title='bbox 680 3327 829 3389; x_wconf 83' lang='lat' dir='ltr'>ltabbinis</span> <span class='ocrx_word' id='word_1_235' title='bbox 849 3327 1032 3389; x_wconf 87' lang='lat' dir='ltr'>ltlasorethis</span> <span class='ocrx_word' id='word_1_236' title='bbox 1053 3327 1214 3392; x_wconf 73' lang='lat' dir='ltr'>sucesssbs</span> 
     </span>
     <span class='ocr_line' id='line_1_34' title="bbox 138 3410 643 3490; baseline 0.008 -20"><span class='ocrx_word' id='word_1_237' title='bbox 138 3410 309 3490; x_wconf 83' lang='lat' dir='ltr'>excogitata</span> <span class='ocrx_word' id='word_1_238' title='bbox 320 3418 351 3471; x_wconf 89' lang='lat' dir='ltr'>et</span> <span class='ocrx_word' id='word_1_239' title='bbox 363 3413 500 3490; x_wconf 87' lang='lat' dir='ltr'>apposita</span> <span class='ocrx_word' id='word_1_240' title='bbox 512 3411 643 3474; x_wconf 85' lang='lat' dir='ltr'>luerunt.</span> 
     </span>
    </p>
   </div>
   <div class='ocr_carea' id='block_1_6' title="bbox 152 3543 1204 3611">
    <p class='ocr_par' dir='ltr' id='par_1_10' title="bbox 152 3543 1204 3611">
     <span class='ocr_line' id='line_1_35' title="bbox 152 3543 1204 3611; baseline 0.008 -17"><span class='ocrx_word' id='word_1_241' title='bbox 152 3543 169 3610; x_wconf 65' lang='lat'>5</span> <span class='ocrx_word' id='word_1_242' title='bbox 183 3548 235 3595; x_wconf 85' lang='lat' dir='ltr'>vll.</span> <span class='ocrx_word' id='word_1_243' title='bbox 247 3569 278 3583; x_wconf 89' lang='lat'>-</span> <span class='ocrx_word' id='word_1_244' title='bbox 287 3545 386 3596; x_wconf 83' lang='lat' dir='ltr'>Utilitas</span> <span class='ocrx_word' id='word_1_245' title='bbox 400 3558 429 3596; x_wconf 81' lang='lat' dir='ltr'>uc</span> <span class='ocrx_word' id='word_1_246' title='bbox 439 3547 573 3597; x_wconf 68' lang='lat' dir='ltr'>necesitas</span> <span class='ocrx_word' id='word_1_247' title='bbox 583 3547 723 3610; x_wconf 74' lang='lat' dir='ltr'>linguarum</span> <span class='ocrx_word' id='word_1_248' title='bbox 734 3548 890 3611; x_wconf 77' lang='lat' dir='ltr'>antiquorum</span> <span class='ocrx_word' id='word_1_249' title='bbox 900 3549 1040 3611; x_wconf 69' lang='lat' dir='ltr'>presertim</span> <span class='ocrx_word' id='word_1_250' title='bbox 1052 3545 1204 3602; x_wconf 61' lang='lat' dir='ltr'>num.</span> 
     </span>
    </p>
   </div>
   <div class='ocr_carea' id='block_1_7' title="bbox 136 3667 1216 4094">
    <p class='ocr_par' dir='ltr' id='par_1_11' title="bbox 136 3667 1216 4094">
     <span class='ocr_line' id='line_1_36' title="bbox 173 3667 1215 3749; baseline 0.012 -30"><span class='ocrx_word' id='word_1_251' title='bbox 173 3669 247 3723; x_wconf 71' lang='lat' dir='ltr'>tlt.</span> <span class='ocrx_word' id='word_1_252' title='bbox 265 3667 428 3728; x_wconf 89' lang='lat' dir='ltr'>Notionem</span> <span class='ocrx_word' id='word_1_253' title='bbox 445 3667 616 3748; x_wconf 86' lang='lat' dir='ltr'>linguarum</span> <span class='ocrx_word' id='word_1_254' title='bbox 630 3669 834 3749; x_wconf 83' lang='lat' dir='ltr'>antiquarum,</span> <span class='ocrx_word' id='word_1_255' title='bbox 847 3668 958 3746; x_wconf 89' lang='lat' dir='ltr'>quibus</span> <span class='ocrx_word' id='word_1_256' title='bbox 971 3670 1060 3731; x_wconf 89' lang='lat' dir='ltr'>Libri</span> <span class='ocrx_word' id='word_1_257' title='bbox 1073 3672 1152 3734; x_wconf 85' lang='lat' dir='ltr'>sacri</span> <span class='ocrx_word' id='word_1_258' title='bbox 1163 3669 1215 3732; x_wconf 83' lang='lat' dir='ltr'>oti·</span> 
     </span>
     <span class='ocr_line' id='line_1_37' title="bbox 136 3752 1215 3838; baseline 0.006 -27"><span class='ocrx_word' id='word_1_259' title='bbox 136 3752 298 3830; x_wconf 83' lang='lat' dir='ltr'>ginctcnus</span> <span class='ocrx_word' id='word_1_260' title='bbox 314 3755 478 3834; x_wconf 87' lang='lat' dir='ltr'>conscripti</span> <span class='ocrx_word' id='word_1_261' title='bbox 493 3756 629 3825; x_wconf 84' lang='lat' dir='ltr'>luerunt,</span> <span class='ocrx_word' id='word_1_262' title='bbox 644 3756 806 3836; x_wconf 85' lang='lat' dir='ltr'>Interpreti</span> <span class='ocrx_word' id='word_1_263' title='bbox 818 3757 1027 3828; x_wconf 81' lang='lat' dir='ltr'>utilissimam,</span> <span class='ocrx_word' id='word_1_264' title='bbox 1043 3766 1077 3820; x_wconf 90' lang='lat' dir='ltr'>et</span> <span class='ocrx_word' id='word_1_265' title='bbox 1094 3756 1215 3838; x_wconf 84' lang='lat' dir='ltr'>qtmndo</span> 
     </span>
     <span class='ocr_line' id='line_1_38' title="bbox 136 3840 1216 3922; baseline 0.012 -28"><span class='ocrx_word' id='word_1_266' title='bbox 136 3854 196 3913; x_wconf 90' lang='lat' dir='ltr'>quc</span> <span class='ocrx_word' id='word_1_267' title='bbox 215 3842 417 3900; x_wconf 83' lang='lat' dir='ltr'>necessariam</span> <span class='ocrx_word' id='word_1_268' title='bbox 433 3857 516 3911; x_wconf 90' lang='lat' dir='ltr'>esse,</span> <span class='ocrx_word' id='word_1_269' title='bbox 531 3842 583 3902; x_wconf 86' lang='lat' dir='ltr'>vix</span> <span class='ocrx_word' id='word_1_270' title='bbox 600 3841 678 3901; x_wconf 88' lang='lat' dir='ltr'>ullus</span> <span class='ocrx_word' id='word_1_271' title='bbox 690 3840 807 3902; x_wconf 85' lang='lat' dir='ltr'>inficias</span> <span class='ocrx_word' id='word_1_272' title='bbox 819 3842 887 3902; x_wconf 90' lang='lat' dir='ltr'>ibit.</span> <span class='ocrx_word' id='word_1_273' title='bbox 904 3842 1077 3906; x_wconf 84' lang='lat' dir='ltr'>Versiones</span> <span class='ocrx_word' id='word_1_274' title='bbox 1093 3853 1160 3906; x_wconf 89' lang='lat' dir='ltr'>utut</span> <span class='ocrx_word' id='word_1_275' title='bbox 1172 3859 1216 3922; x_wconf 69' lang='lat' dir='ltr'>op</span> 
     </span>
     <span class='ocr_line' id='line_1_39' title="bbox 136 3923 1214 4011; baseline 0.01 -31"><span class='ocrx_word' id='word_1_276' title='bbox 136 3923 218 3982; x_wconf 65' lang='lat' dir='ltr'>timec</span> <span class='ocrx_word' id='word_1_277' title='bbox 237 3926 300 4008; x_wconf 87' lang='lat' dir='ltr'>vim</span> <span class='ocrx_word' id='word_1_278' title='bbox 320 3934 352 3987; x_wconf 88' lang='lat' dir='ltr'>et</span> <span class='ocrx_word' id='word_1_279' title='bbox 370 3928 525 4006; x_wconf 81' lang='lat' dir='ltr'>energiam</span> <span class='ocrx_word' id='word_1_280' title='bbox 541 3933 641 3988; x_wconf 84' lang='lat' dir='ltr'>textus</span> <span class='ocrx_word' id='word_1_281' title='bbox 658 3927 815 4006; x_wconf 88' lang='lat' dir='ltr'>originarii</span> <span class='ocrx_word' id='word_1_282' title='bbox 829 3946 890 3988; x_wconf 92' lang='lat' dir='ltr'>non</span> <span class='ocrx_word' id='word_1_283' title='bbox 904 3929 1033 3991; x_wconf 88' lang='lat' dir='ltr'>babent.</span> <span class='ocrx_word' id='word_1_284' title='bbox 1052 3928 1214 4011; x_wconf 73' lang='lat' dir='ltr'>Aliquando</span> 
     </span>
     <span class='ocr_line' id='line_1_40' title="bbox 136 4009 1216 4094; baseline 0.01 -26"><span class='ocrx_word' id='word_1_285' title='bbox 136 4009 260 4089; x_wconf 81' lang='lat' dir='ltr'>phrases</span> <span class='ocrx_word' id='word_1_286' title='bbox 272 4019 371 4074; x_wconf 87' lang='lat' dir='ltr'>textus</span> <span class='ocrx_word' id='word_1_287' title='bbox 383 4013 531 4094; x_wconf 88' lang='lat' dir='ltr'>primitivi</span> <span class='ocrx_word' id='word_1_288' title='bbox 546 4014 578 4073; x_wconf 93' lang='lat' dir='ltr'>in</span> <span class='ocrx_word' id='word_1_289' title='bbox 591 4013 685 4075; x_wconf 88' lang='lat' dir='ltr'>variis</span> <span class='ocrx_word' id='word_1_290' title='bbox 697 4015 888 4078; x_wconf 86' lang='lat' dir='ltr'>versionibus</span> <span class='ocrx_word' id='word_1_291' title='bbox 897 4017 985 4081; x_wconf 86' lang='lat' dir='ltr'>varic</span> <span class='ocrx_word' id='word_1_292' title='bbox 998 4017 1216 4093; x_wconf 67' lang='lat' dir='ltr'>missumst</span> 
     </span>
    </p>
   </div>
   <div class='ocr_carea' id='block_1_8' title="bbox 153 4121 653 4189">
    <p class='ocr_par' dir='ltr' id='par_1_12' title="bbox 153 4121 653 4189">
     <span class='ocr_line' id='line_1_41' title="bbox 153 4121 653 4189; baseline 0.018 -22"><span class='ocrx_word' id='word_1_293' title='bbox 153 4121 163 4157; x_wconf 77' lang='lat' dir='ltr'>l</span> <span class='ocrx_word' id='word_1_294' title='bbox 181 4123 282 4184; x_wconf 75' lang='lat' dir='ltr'>August.</span> <span class='ocrx_word' id='word_1_295' title='bbox 296 4125 330 4175; x_wconf 78' lang='lat' dir='ltr'>lle</span> <span class='ocrx_word' id='word_1_296' title='bbox 340 4127 413 4175; x_wconf 74' lang='lat' dir='ltr'>eluit.</span> <span class='ocrx_word' id='word_1_297' title='bbox 427 4126 486 4189; x_wconf 84' lang='lat' dir='ltr'>Dei,</span> <span class='ocrx_word' id='word_1_298' title='bbox 496 4126 542 4175; x_wconf 87' lang='lat' dir='ltr'>lib.</span> <span class='ocrx_word' id='word_1_299' title='bbox 553 4127 583 4187; x_wconf 75' lang='grc' dir='ltr'>ὅ,</span> <span class='ocrx_word' id='word_1_300' title='bbox 593 4138 617 4176; x_wconf 79' lang='lat' dir='ltr'>s.</span> <span class='ocrx_word' id='word_1_301' title='bbox 627 4128 653 4176; x_wconf 74' lang='lat'>³.</span> 
     </span>
    </p>
   </div>
   <div class='ocr_carea' id='block_1_9' title="bbox 0 0 1358 4846">
    <p class='ocr_par' dir='ltr' id='par_1_13' title="bbox 0 0 1358 4846">
     <span class='ocr_line' id='line_1_42' title="bbox 0 0 1358 4846; baseline 0 0"><span class='ocrx_word' id='word_1_302' title='bbox 0 0 1358 4846; x_wconf 95' lang='lat' dir='ltr'> </span> 
     </span>
    </p>
   </div>
  </div>
 </body>
</html>
