2708 4846
142 470 190 522 m
594 468 774 517 aerenum

180 565 212 628 ἰ’
224 579 338 642 quu,
352 565 525 644 Arqmtum,
537 582 593 627 seu
607 569 766 644 Arqcutcus
774 564 896 641 (ldattb.
905 562 955 637 26,
975 563 1037 644 lb).
1052 564 1167 626 Sicl-
1181 581 1223 625 ar·

142 660 286 733 genteum
300 651 439 737 designat
456 652 550 728 (conl.
567 670 598 711 n.
610 650 689 728 dua).

177 737 210 796 tt⁰
223 746 338 805 Δηναριον.
352 738 488 797 &itarius
502 736 622 813 (Mattio.
637 736 683 808 l8,
702 737 762 815 28),
778 752 921 797 nummus
938 742 1110 815 argenteus
1125 737 1223 796 Roma

139 840 263 894 uorum,
288 825 331 885 lta
352 829 492 894 vocatus,
518 822 601 900 quod
629 840 685 902 pro
713 823 821 884 decem
843 821 964 882 assibus
988 823 1023 881 in
1047 821 1222 882 solutionem

140 908 281 970 cedebat.
297 909 438 970 Pondere
453 908 592 986 aequabat
605 908 793 977 drachmam,
808 907 940 986 proinde
957 914 1104 985 quartam
1116 915 1222 987 parterr

140 995 252 1057 valens
264 997 342 1068 sicli,
356 1014 412 1057 seu
422 1002 491 1056 octo
500 1012 581 1056 asses
593 994 687 1072 (sola),
702 995 818 1074 etquid
830 994 1223 1074 ampliusmonetaeqallica

138 1081 272 1143 valebat
290 1081 500 1145 communiter
518 1087 619 1140 autem
630 1080 739 1142 decem
751 1081 862 1141 assium
875 1079 1065 1158 gallicorum
1077 1078 1159 1156 (sols)
1170 1088 1223 1140 sta-

138 1167 244 1225 tuitur.
262 1169 381 1226 Marcus
401 1165 464 1241 (li,
487 1164 538 1239 tt)
560 1171 591 1224 et
613 1168 709 1227 Lucas
726 1165 857 1243 (tuat)
873 1164 1043 1225 denarium
1061 1171 1223 1244 nuncupant

139 1266 295 1310 nummum
314 1257 508 1328 argenteum,
531 1251 583 1325 qui
601 1266 657 1328 pro
678 1250 872 1326 capitatione
896 1250 1051 1310 Romanis
1074 1250 1106 1309 in
1125 1249 1221 1309 Jndaea

138 1336 386 1414 persolvebatur,
401 1344 433 1396 et
448 1335 608 1396 Matthaeus
620 1334 702 1396 hunc
715 1334 875 1396 denarium
889 1342 984 1397 vocat
1000 1337 1148 1396 numm
1161 1353 1218 1394 αι·

139 1436 189 1481 tus
203 1422 262 1496 (22,
278 1422 334 1496 le).

174 1504 323 1565 Denarius
337 1512 401 1566 erat
418 1504 686 1566 diurnummilitis
704 1505 784 1584 apud
807 1507 962 1568 Romanos
981 1506 1216 1587 stipendiarent

139 1588 262 1651 Tacitus
278 1592 386 1661 refert,
400 1590 653 1668 quemadmodum
662 1591 806 1651 drachma
815 1601 882 1652 erat
891 1592 1042 1654 diurnum
1050 1592 1220 1675 stipendium

137 1675 244 1735 militis
254 1675 333 1755 apud
343 1675 557 1745 Athenienses,
571 1683 648 1736 teste
661 1676 853 1754 Thucydide.
866 1679 1022 1739 Donatius
1032 1681 1148 1759 pariter
1154 1694 1223 1738 mer·

139 1777 191 1823 ces
205 1764 261 1823 fuit
277 1762 494 1824 conductorum
511 1762 545 1821 in
557 1763 680 1822 vineam
691 1761 812 1839 (hlatth.
825 1764 873 1832 ΞΟ,
887 1763 917 1832 2,
932 1767 1026 1844 etc).

176 1851 302 1928 Antiqui
323 1850 441 1911 denarii
461 1850 609 1910 exhibent
621 1867 681 1910 una
700 1857 786 1929 parte
798 1849 890 1910 deam
905 1851 1042 1911 Romam
1060 1870 1117 1913 seu
1130 1852 1223 1912 victo

137 1935 229 2005 riam,
242 1944 273 1995 et
286 1936 380 1997 altera
392 1943 616 2015 partecurrum,
630 1936 681 1995 cui
694 1934 806 2013 duplex
817 1951 967 2011 equorum
976 1936 1089 2015 jugum
1097 1938 1222 2014 jmctnn

139 2028 194 2081 est.
208 2022 373 2081 Posteriori
383 2038 448 2080 aevo
459 2018 575 2099 effigies
586 2020 716 2081 Caesaris
728 2020 760 2079 in
771 2019 906 2080 denariis
916 2024 1182 2101 conspiciebatur,
1192 2029 1222 2082 ut

136 2103 237 2183 liquet
253 2122 290 2165 ex
304 2105 429 2165 denario
443 2105 495 2181 qui
509 2103 629 2166 Christo
649 2105 767 2164 oblatus
780 2103 837 2163 tuit
854 2105 976 2182 (ldattb.
996 2107 1048 2178 22,
1063 2107 1171 2183 itt-al).

174 2189 206 2248 6⁰
216 2204 339 2264 Aesepus,
351 2191 502 2258 Asturius,
514 2189 566 2265 qui
576 2188 615 2248 ab
625 2189 794 2266 Interprete
806 2188 902 2248 latino
911 2191 1038 2264 (Matth.
1057 2193 1105 2261 l0,
1119 2191 1219 2270 Dlper

138 2290 234 2335 moen
247 2278 389 2345 vertitur,
404 2292 421 2334 a
442 2277 523 2334 Luca
535 2281 636 2333 autern
648 2275 711 2350 (ti,
724 2274 755 2351 6)
771 2274 830 2334 duo
848 2276 956 2335 assarii
979 2295 1040 2354 per
1062 2278 1218 2356 dipondium

137 2357 316 2417 redduntur.
334 2362 406 2417 Erat
423 2376 561 2418 nummus
577 2376 680 2419 aeneus
693 2361 912 2429 Romanorum,
932 2362 1122 2441 valebatque
1136 2363 1218 2423 dimi·

137 2442 222 2502 dium
234 2443 309 2503 assis
326 2445 453 2502 romani.
476 2441 553 2503 Cum
573 2460 646 2502 vero
665 2460 698 2503 as
711 2443 795 2518 juxta
813 2446 969 2516 Tacitum,
989 2449 1172 2509 Priscianum
1186 2454 1214 2506 et

136 2528 213 2589 alios
225 2527 343 2588 decima
356 2536 436 2589 esset
447 2547 516 2607 pars
529 2529 648 2589 denarii
661 2530 805 2600 Romani,
817 2531 998 2609 valeretque
1011 2542 1076 2596 octo
1084 2535 1209 2600 circiter,

136 2614 188 2675 vel
206 2614 313 2675 decern
331 2615 471 2676 denarios
491 2616 616 2694 gallicos
637 2615 790 2694 (mers),
809 2617 932 2677 valebat
949 2622 1080 2681 assarim
1094 2626 1212 2698 quatuor

135 2700 277 2770 circiter,
304 2703 354 2761 vel
378 2703 511 2779 quinque
543 2701 684 2762 denarios
708 2701 844 2779 gallicos.
872 2703 1023 2765 Nonnulli
1054 2708 1215 2767 existimant

136 2787 281 2846 assarium
300 2795 437 2863 quartani
453 2787 605 2847 dumtaxat
621 2795 737 2866 partem
754 2788 827 2846 assis
848 2787 955 2859 luisse,
982 2799 1078 2866 atque
1094 2791 1216 2852 valuisse

138 2870 211 2932 duos
233 2872 370 2941 circiter,
394 2873 444 2932 vel
464 2873 540 2932 duos
556 2890 624 2932 cum
642 2872 769 2932 dimidio
789 2871 931 2934 denarios
949 2874 1105 2953 (datius).
1122 2877 1216 2954 Aliqui

136 2955 285 3016 assarium
297 2956 355 3014 assi
370 2965 535 3034 aequarunt.

175 3042 327 3116 lnterpres
338 3041 449 3101 latinus
461 3041 580 3119 (Mattb.
596 3044 641 3112 lo,
658 3042 706 3119 99)
720 3045 863 3103 assarium
878 3060 935 3122 per
953 3061 1057 3106 assem
1076 3047 1217 3114 reddidit,

136 3127 207 3204 quia
220 3133 339 3187 veteres
353 3130 497 3188 assarium
514 3139 544 3190 et
562 3148 658 3190 assem
675 3133 847 3209 promiscue
862 3131 1020 3193 dicebant.
1038 3136 1139 3196 Lucas
1154 3150 1218 3195 vero

137 3212 200 3289 (lt,
214 3211 243 3287 6)
260 3213 335 3274 duos
348 3216 474 3276 assarios
490 3234 545 3296 per
561 3217 759 3295 dipondium,
777 3235 832 3278 seu
847 3217 959 3294 duplex
977 3221 1101 3299 pondo,
1120 3222 1217 3289 vertit,

136 3298 218 3375 quod
226 3297 299 3357 olim
308 3299 388 3358 libra
396 3317 452 3360 seu
460 3301 561 3379 pondo
569 3318 600 3361 as
608 3308 779 3371 vocaretur,
797 3320 829 3362 as
841 3304 931 3364 unitis
941 3303 1035 3366 librae
1051 3324 1112 3368 seu
1127 3307 1219 3389 pondo

136 3392 231 3456 esset,
245 3392 334 3461 atque
349 3402 380 3445 as
395 3402 449 3464 pro
466 3389 577 3447 assario
594 3385 760 3463 antiquitus
775 3384 939 3448 diceretur.

173 3471 312 3531 Assarius
333 3489 393 3532 uua
411 3480 496 3550 parte
517 3473 680 3533 exhibebat
701 3475 774 3534 olim
797 3472 928 3550 effigiem
950 3477 1041 3548 Jani,
1065 3485 1101 3538 et
1122 3485 1220 3560 postca

139 3555 280 3626 Caesaris,
298 3565 383 3633 parte
401 3577 474 3618 vero
489 3559 583 3618 altera
600 3559 735 3638 puppim.

173 3640 204 3699 7ο
223 3648 350 3714 xttpame
370 3644 525 3722 Quudrous
542 3642 661 3720 (llattb.
675 3644 704 3716 t,
718 3644 784 3720 aa),
798 3659 937 3703 nummus
949 3660 1057 3709 aeneus
1074 3648 1221 3709 Romano

135 3742 218 3796 rum,
234 3729 285 3804 qui
308 3736 413 3805 quarta
435 3746 503 3807 pars
520 3731 609 3799 assis,
623 3747 677 3789 seu
696 3729 857 3790 dimidium
879 3730 985 3788 assarii
1005 3741 1090 3802 erat3
1106 3733 1222 3793 valebat

136 3812 266 3971 pppinde
284 3812 359 3873 duos
377 3815 517 3882 circiter,
536 3816 586 3874 vel
603 3814 679 3875 duos
699 3832 768 3874 oum
786 3814 915 3875 dimidio
935 3813 1085 3878 denarios
1102 3819 1222 3897 gallicos

185 3898 284 3973 triers).

172 3979 204 4036 8⁰
220 3998 314 4054 uma,
332 3988 478 4047 Mrittttum
489 3987 572 4064 (Luc.
583 3987 630 4059 il,
644 3985 686 4063 2),
698 4003 835 4047 nummus
849 4003 947 4047 aereus
962 3988 1157 4063 Graecorum,
1175 3987 1221 4069 qui

136 4062 296 4128 dimidium
310 4073 483 4147 quadrantis
497 4080 577 4144 erat,·
591 4072 712 4134 valebat
727 4072 855 4138 proinde
872 4089 969 4132 unum
987 4075 1121 4139 circiter
1133 4079 1220 4140 dena·
