2708 4846
146 445 193 493 288
422 440 461 487 nu
475 437 645 487 auruumla
660 436 814 485 munorum
829 434 997 483 samonum.

141 550 243 612 graeca
249 531 358 592 horum
364 531 520 601 librorum,
530 530 620 589 tertio
628 529 754 589 circiter
768 522 879 614 saeculo
891 525 1127 590 antechristum
1135 527 1217 600 lactas

142 617 325 696 exemplaria
338 616 403 676 fere
413 616 590 684 innumera,
604 630 671 692 que
684 620 753 691 post
765 611 921 677 Christum
937 612 1021 673 inter
1037 610 1219 678 Christianos

142 701 331 765 disseminita
344 702 478 771 fuerunt,
491 719 554 762 non
567 701 724 761 dumtaxat
740 698 833 760 hosce
849 696 946 760 libros
965 697 1069 777 quoad
1087 698 1219 762 substan-

140 789 184 849 tia
197 789 333 866 integros
345 794 521 858 servarunt,
539 785 594 846 scd
611 784 703 844 immo
722 800 828 845 eorum
841 782 1071 864 corruptionem
1086 782 1220 847 subean-

139 872 246 934 tialem
257 870 479 952 impossibilem
490 868 704 931 reddiderunt.

179 1011 197 1082 s
209 1015 331 1065 cuxxw.
340 1036 372 1054 -
381 1014 449 1062 fibri
459 1012 523 1063 cacrl
535 1011 628 1062 retem
636 1009 760 1073 redens,
769 1010 938 1062 Pentateucho
951 1011 1119 1076 posteriores,
1128 1015 1185 1064 m

625 1093 737 1132 mneos.

176 1203 249 1258 tuo.
262 1202 376 1262 Eorum
394 1202 478 1261 enim
491 1207 631 1263 auctores
644 1198 675 1260 1ο
686 1199 849 1261 veritatem
868 1215 973 1261 eorum
1007 1217 1079 1283 qrrae
1093 1201 1217 1282 scripto·

138 1295 209 1349 runt
225 1288 303 1348 scire
318 1293 496 1366 potuerunt,
514 1285 546 1346 2⁰
563 1287 597 1347 in
616 1287 655 1347 iis
667 1285 897 1347 conscribendis
914 1286 1029 1346 sinceri
1042 1287 1176 1361 fuerunt,
1188 1296 1218 1350 ct

128 1365 171 1431 ⁴3⁰
184 1372 251 1432 aliis
260 1370 403 1432 falsitates
415 1368 580 1431 obtrudere
592 1387 632 1430 ne
646 1367 769 1448 quidem
782 1367 904 1447 impune
914 1370 1102 1449 potuissent,
1117 1373 1217 1434 etiam-

139 1457 165 1517 si
176 1454 356 1524 voluissent3
368 1471 461 1531 quare
481 1453 603 1515 illorum
615 1454 688 1514 libri
702 1470 822 1514 omnem
835 1451 927 1514 fidem
937 1462 1108 1516 merentur.
1122 1458 1216 1537 Atque

178 1538 209 1599 1ο
226 1539 359 1617 Quidem
378 1555 484 1600 omncs
505 1539 555 1599 isti
577 1546 715 1600 auctores
730 1538 851 1600 fuerunt
867 1537 1041 1617 indigente,
1057 1540 1113 1602 alii
1130 1543 1216 1604 reim

139 1625 235 1708 gestis
265 1640 339 1703 quas
351 1625 522 1685 retulerunt
534 1623 657 1685 fuerunt
668 1624 783 1694 coaevi,
797 1623 850 1684 alii
865 1623 957 1685 rebus
967 1626 1065 1703 gestis
1078 1627 1216 1706 equidem

140 1710 389 1790 contemporanei
406 1728 468 1770 non
489 1710 625 1780 fuerunt,
639 1708 695 1770 sed
713 1709 752 1769 ad
770 1724 824 1770 sua
839 1710 952 1788 scripta
965 1709 1159 1774 conficienda
1172 1715 1216 1776 mi

139 1802 211 1856 sunt
222 1793 412 1856 documentis
422 1794 548 1864 conns,
562 1793 721 1855 annalibus
732 1792 878 1874 publicis,
892 1793 1065 1873 tabulisque
1076 1796 1217 1876 genealo-

138 1881 216 1960 gicis
228 1897 290 1943 suae
300 1878 442 1940 nationis.
453 1880 494 1939 111
506 1895 580 1940 vero
592 1879 754 1957 scriptores
766 1879 946 1940 fuenmtvel
956 1897 1062 1960 reges,
1072 1882 1124 1943 rel
1136 1883 1216 1964 prin⁴

138 1965 235 2045 cipes,
252 1963 303 2025 vel
315 1965 423 2025 summi
437 1962 627 2035 sacerdotes,
641 1963 693 2024 vel
705 1964 765 2025 oiri
774 1963 872 2036 docti,
885 1964 1092 2029 etvirtutibus
1100 1968 1215 2049 conspi-

84 2095 92 2112 .
138 2052 200 2112 cui.
213 2050 315 2126 Quare
328 2066 431 2110 rerum
443 2065 516 2127 quas
526 2050 711 2129 scripserunt
720 2048 817 2129 probe
828 2050 915 2130 gnari
929 2067 996 2112 esse
1008 2059 1183 2132 potuermrt.

176 2134 294 2195 411.1”
311 2136 410 2195 Etiam
427 2136 540 2196 sinceri
560 2134 682 2196 fuerunt
693 2134 726 2195 in
742 2135 805 2197 suis
816 2135 951 2215 scriptis,
967 2143 1002 2196 ut
1016 2144 1123 2218 patet:
1136 2169 1169 2185 -
1180 2157 1216 2203 cx

129 2221 272 2297 *ingenua
288 2220 478 2281 confessione
491 2220 651 2281 criminum
669 2228 701 2281 et
718 2236 854 2282 errorum
866 2238 928 2282 sure
946 2221 1099 2294 nationis,
1112 2229 1145 2285 ct
1155 2222 1215 2304 eim

139 2305 273 2365 virorum
292 2303 470 2374 illustrium
491 2336 523 2348 -
542 2321 580 2365 ex
597 2304 708 2384 insigni
723 2305 844 2367 illorum
861 2306 1027 2379 modestia;
1044 2340 1078 2353 -
1093 2310 1215 2372 exemi·

138 2389 225 2449 nenti
237 2389 371 2468 ipsorum
383 2389 497 2468 pietate
505 2407 514 2462 ;
530 2423 564 2436 -
578 2409 616 2451 ex
628 2391 844 2455 concordantia
861 2408 966 2456 corum
978 2392 1063 2456 inter
1073 2412 1107 2459 se
1122 2397 1214 2476 quoad

139 2473 248 2535 eadem
263 2473 359 2545 facta3
383 2505 416 2518 -
435 2490 472 2557 ea
490 2475 700 2537 conformitate
715 2475 836 2538 illorum
856 2495 926 2539 cum
947 2478 1078 2541 historia
1096 2482 1214 2562 profana

139 2558 275 2636 antiqua,
299 2576 367 2637 quae
388 2558 425 2619 ad
442 2576 498 2621 nos
509 2561 666 2640 pervenit3
682 2593 715 2606 -
728 2569 760 2623 et
772 2562 893 2624 demum
906 2580 944 2625 ex
959 2582 1079 2626 summa
1093 2583 1214 2629 venera-

138 2641 237 2716 tione,
259 2660 318 2721 qua
335 2642 436 2703 ludaei
453 2643 545 2707 hosce
560 2645 657 2708 libros
669 2664 789 2729 semper
800 2650 952 2729 prosecuti
969 2656 1056 2723 sunt,
1071 2659 1104 2713 et
1120 2651 1212 2714 adhuc

138 2726 228 2789 modo
240 2736 476 2808 prosequuntur,
490 2729 564 2792 licet
576 2730 657 2790 inter
668 2749 773 2793 omncs
784 2733 924 2795 nationes
936 2733 1070 2813 dispersi
1082 2737 1154 2799 sint

174 2814 247 2868 4114.
260 2812 292 2872 5⁰
304 2814 365 2874 Sed
375 2814 442 2876 aliis
454 2814 599 2880 falsitates
610 2815 776 2896 nequidem
788 2817 912 2897 impunc
924 2819 1093 2883 obtrudere
1104 2823 1210 2904 potnia-

136 2905 221 2966 sent,
235 2898 351 2958 etiamsi
361 2900 541 2972 voluissent3
553 2919 622 2963 nam
633 2903 767 2964 referunt
778 2920 844 2976 res,
858 2922 926 2982 quae
938 2915 991 2967 aut
999 2915 1209 2970 recentercmr

138 2981 280 3060 tigerant,
294 2988 346 3041 aut
358 2999 395 3042 ex
403 2982 592 3046 documentis
599 2986 729 3066 antiquis
739 2986 789 3049 vel
799 2989 961 3050 traditione
974 2992 1108 3070 cognite
1120 2997 1207 3064 erant,

137 3081 211 3143 quaa
224 3067 413 3131 intermultae
423 3071 478 3130 toti
490 3071 606 3132 nationi
618 3070 747 3149 judaicae
758 3091 873 3134 summe
883 3074 1107 3152 ignouainiosae.
1117 3076 1207 3156 Quare

133 3151 165 3213 ai
185 3152 346 3230 scriptores
366 3171 491 3218 veraces
512 3174 574 3218 non
594 3157 736 3231 fuissent,
760 3160 860 3220 Judaei
882 3160 944 3221 illis
963 3169 998 3222 ut
1018 3162 1206 3226 mendacibus

137 3234 444 3398 {dvessaussiffnim'
462 3247 552 3319 atque
570 3249 632 3303 tota
647 3243 730 3304 natio
748 3244 823 3324 ipsis
838 3243 1007 3308 fidemnon
1027 3246 1204 3311 adhibuisset

155 3337 211 3381 con
226 3365 232 3381 .
247 3339 279 3384 n.
397 3365 407 3383 .

540 3588 617 3636 111118
630 3589 705 3637 rom
718 3591 809 3638 mill·
