2708 4846
229 457 275 504 tha
677 454 857 504 traenbtx

266 550 467 611 Semi-siclus
489 548 581 610 belot
603 548 735 619 dicitur,
756 557 846 626 atque
868 547 979 608 decem
1007 545 1109 625 gerah
1132 563 1190 608 seu
1210 548 1304 610 obolos

229 636 374 696 continet.
388 636 433 695 lix
445 635 601 713 sexaginta
612 634 694 695 siclis
713 632 1033 708 consumebam...
1045 663 1093 707 μα
1103 633 1208 704 mbo,
1218 635 1304 702 mad,

229 727 261 780 et
280 721 339 780 tria
364 721 462 782 millia
481 722 624 783 siclorum
645 717 822 792 alliciebant
848 718 1006 790 matun,
1031 719 1305 785 hebraiceehirrar

228 813 433 885 nuncupatum
444 806 557 884 (Exod.
570 806 623 876 58,
633 804 750 881 tlt-bb).

264 893 386 960 Pondus
402 894 471 954 sicli
487 900 553 955 erat
568 900 697 971 quatuor
714 889 923 953 drachmarum
942 892 1128 962 atticarum,
1148 893 1208 954 seu
1226 893 1304 954 seni·

226 978 328 1038 uncias
349 994 498 1050 romanae,
520 987 589 1040 octo
607 979 690 1040 enim
710 977 884 1054 hujusmodi
900 977 1057 1040 drachmae
1084 980 1240 1057 integram
1258 996 1304 1038 un·

227 1062 308 1123 dam
319 1082 512 1126 romanorum
528 1064 663 1127 alliciunt
674 1066 721 1142 (n.
734 1064 816 1140 687).
831 1065 921 1141 Quod
931 1065 992 1126 tale
1005 1064 1106 1125 hierit
1116 1065 1237 1144 pondus
1248 1065 1304 1126 sicli

227 1146 346 1211 hebraei
355 1158 439 1231 patet
450 1151 702 1222 exldatthlhhd,
712 1149 956 1220 ubididrnchma,
966 1167 1023 1212 seu
1031 1149 1153 1230 duplex
1164 1149 1303 1219 drachma,

159 1241 162 1244 “
227 1247 354 1301 vocatur
391 1239 576 1301 semi-siclus
601 1256 724 1309 census,
761 1253 853 1314 quem
878 1237 991 1316 singuli
1014 1238 1124 1298 Judaei
1156 1238 1303 1316 quotannis

226 1336 281 1397 pro
295 1325 436 1401 expensis
448 1325 636 1386 tabernaculi
649 1325 699 1384 vel
711 1323 817 1404 templi
827 1323 1043 1402 persolvebant
1054 1321 1172 1398 (Exod.
1184 1322 1234 1393 ὅθ,
1244 1322 1300 1397 lit

226 1407 360 1469 Aliunde
373 1410 419 1468 Fl.
442 1411 611 1489 losephus:
630 1430 647 1467 n
666 1410 780 1481 siclus,
802 1410 915 1488 inquit,
934 1409 1142 1471 Hebraeorum
1158 1425 1299 1479 nmmos.

226 1499 383 1568 »quatuor
401 1493 558 1555 drachmas
576 1495 682 1576 atticas
696 1496 907 1577 complectitur
925 1493 948 1553 ¹.
964 1514 981 1550 ιι
1000 1495 1296 1574 Hieronymum:

227 1579 370 1649 «siclus,
384 1581 442 1651 ait,
456 1579 489 1642 id
501 1587 547 1642 est
557 1588 661 1652 stater,
675 1580 770 1642 habet
780 1576 937 1644 dmchmas
949 1586 1087 1658 quatuor
1100 1567 1124 1642 ³.

262 1665 458 1745 Septuaginta
466 1664 817 1746 interpreteshebraeum
826 1666 935 1729 achdcel
943 1685 1000 1729 seu
1012 1666 1300 1746 siclumqusndonac

226 1768 283 1832 per
303 1760 434 1828 ιιιμχμιι,
455 1752 675 1824 didrachmum,
691 1771 746 1815 seu
765 1753 838 1814 duas
849 1752 1009 1816 drachmas
1017 1752 1169 1823 reddunt,
1181 1750 1298 1815 stibilo

226 1840 375 1903 Hebraens
402 1840 568 1903 semi-siclo
596 1856 687 1900 unam
715 1839 888 1901 drachmam
913 1840 1033 1900 tribuit.
1065 1840 1152 1901 ilinc
1175 1837 1299 1900 nonnulli

159 1957 173 1966 ›
226 1927 435 1987 existimarunt
446 1925 519 1986 duas
530 1925 673 1986 siclorum
687 1925 806 2001 species
817 1923 897 2002 apud
910 1923 1063 1984 Hebraeos
1079 1924 1191 1997 fuisso,
1204 1924 1298 1985 siclun

224 2029 336 2093 nempe
357 2012 742 2090 communempublicum
767 2018 798 2073 et
822 2012 941 2090 regium
966 2011 1100 2083 dictum,
1126 2030 1216 2092 quern
1234 2011 1299 2072 duas

225 2097 383 2159 drachmas
401 2100 507 2158 atticas
523 2098 628 2159 valere
641 2096 798 2167 dicebant3
816 2103 847 2158 et
858 2096 964 2158 siclum
976 2099 1166 2169 smwtuurit',
1178 2097 1297 2175 cuique

224 2190 294 2243 tuor
309 2184 467 2246 drachmas
492 2186 599 2245 atticas
619 2183 836 2245 attribuebant.
855 2184 971 2244 Verum
993 2185 1054 2246 ista
1076 2186 1219 2247 siclorum
1236 2182 1297 2244 dis·

224 2271 332 2330 tinctio
344 2271 416 2340 ruit,
427 2288 464 2331 eo
474 2269 556 2347 quod
566 2285 626 2330 nna
632 2268 776 2330 drachma
785 2269 980 2330 Alexandriae
992 2269 1025 2330 in
1039 2271 1181 2351 AEgypto
1187 2269 1297 2335 niun,

225 2359 303 2413 teste
315 2355 468 2424 Varrone,
487 2355 660 2415 contineret
676 2353 750 2414 duas
768 2353 925 2416 drachmas
941 2356 1050 2417 atticas
1073 2343 1097 2416 ‘.
1113 2354 1298 2437 Septuaginta

224 2453 297 2497 vero
312 2438 507 2517 lnterpretes‚
518 2439 563 2498 uti
576 2446 609 2499 et
621 2438 718 2507 Philo,
729 2438 781 2516 qrni
790 2437 1298 2518 scripserunthlexandriae,droch-

219 2540 304 2583 ιιιιιιι
335 2523 564 2586 alexandrinam
591 2525 795 2586 adhibuerunt
831 2523 871 2586 ad
902 2525 1012 2587 siclum
1040 2525 1204 2589 hebraeum
1231 2523 1298 2586 asti·

222 2611 375 2672 mendum.

260 2699 357 2760 siclus
376 2699 467 2759 etiam
483 2698 644 2777 aliquando
656 2716 713 2779 per
723 2704 866 2760 staterem
879 2698 1020 2761 redditur
1033 2698 1163 2777 (Matth.
1176 2698 1227 2771 ll,
1237 2697 1295 2772 at),

224 2802 261 2846 eo
274 2783 356 2864 quod
367 2785 474 2846 stateri
487 2785 698 2863 aequivalebat.

415 2924 432 2990 3
446 2924 528 2972 ΧΙΝΙ.
540 2946 570 2960 -
580 2924 618 2971 De
628 2924 712 2971 valore
722 2921 782 2971 Sicli
795 2922 906 2972 hebraici
921 2923 948 2972 ln
962 2924 1120 2985 particulari.

258 3045 331 3100 ilat.
345 3046 390 3104 Ex
402 3044 493 3104 dictis
507 3043 598 3104 siclus
619 3042 820 3104 Hebraeorum
832 3042 981 3122 ponderat
997 3051 1133 3122 qtratuor
1149 3046 1298 3108 dncbnu

221 3129 344 3202 atticas,
370 3146 425 3191 seu
449 3127 660 3190 semiunciam
683 3145 852 3198 romanam
875 3127 924 3189 hae
948 3146 1022 3189 vero
1039 3131 1231 3208 aeqrnralent
1251 3129 1298 3191 du-

221 3216 319 3277 centis
343 3216 500 3294 sexaginta
526 3232 580 3276 sex
606 3213 708 3292 granis
732 3230 802 3273 curn
821 3213 968 3292 tringinta
989 3222 1123 3292 quatuor
1145 3213 1297 3296 trigesimis

212 3302 336 3380 quintis
345 3302 431 3380 grani
441 3301 577 3381 partibus
589 3298 677 3359 librae
689 3299 836 3360 trecensis
850 3306 881 3359 ct
894 3300 1082 3377 parisiensis.

257 3388 355 3450 siclus
368 3393 529 3466 argenteus
544 3392 575 3445 et
586 3401 693 3446 aureus
711 3383 846 3461 ejusdem
864 3383 943 3463 apud
963 3384 1116 3448 llcbraeos
1128 3395 1218 3448 erant
1230 3402 1295 3466 pon·

220 3474 313 3537 deris.
327 3474 424 3535 Siclus
436 3474 470 3533 in
481 3473 582 3534 Libris
598 3472 691 3532 sacris
702 3472 878 3551 frequenter
890 3466 1154 3551 subintelligitur,
1165 3472 1297 3554 simplici·

219 3567 328 3639 terque
342 3560 453 3620 dicitur
472 3565 639 3637 argenteas,
657 3563 691 3616 ut
703 3557 823 3634 qnando
845 3557 975 3616 retertur
996 3557 1112 3618 ludam
1131 3561 1296 3621 lscarioten

219 3648 359 3708 retulisse
369 3645 408 3706 ad
416 3646 569 3724 principes
578 3643 894 3722 sacerdotumtta'pinto
902 3650 1064 3721 argenteos,
1074 3644 1296 3724 quibiscbria

218 3738 284 3791 tum
296 3731 510 3793 divendiderat
526 3729 650 3807 (llatth.
664 3729 701 3789 27
708 3774 716 3800 ,
727 3729 772 3805 ὅ).

255 3818 353 3879 siclis
364 3824 539 3897 argenteus,
558 3815 623 3895 puti
638 3816 772 3893 argenti,
784 3813 866 3875 valet
877 3814 1003 3893 triginta
1017 3816 1098 3880 duos
1111 3835 1196 3881 asses
1207 3815 1294 3897 (sols).

250 3939 261 3976 ¹
273 3943 341 3991 Cutil.
352 3945 389 3992 rt.
398 3945 448 3992 los.
459 3941 579 4004 hnflquit.
592 3940 636 3990 lib.
644 3940 711 4000 linc.
723 3936 815 3987 l2.-²
827 3940 919 3990 flios.
930 3941 1016 4004 antiq.
1028 3943 1075 3990 lib.
1086 3944 1206 4005 3,ο’.9.-
1216 3939 1291 3989 litter.

218 4011 249 4129 ldtp
255 4013 413 4141 musitio.
425 4015 492 4064 conl.
503 4014 530 4063 et
543 4011 597 4072 ejus
606 4011 742 4060 comment.
754 4010 875 4058 iullalth.
886 4022 909 4059 e.
920 4006 1010 4058 ΗΡ*
1021 4007 1295 4075 conditurae-‚libb
