2708 4846
658 493 862 545 conctusto.

633 761 883 826 GONGLUSIO.

480 930 497 996 5
512 933 561 991 nv,
574 954 605 968 -
615 932 714 979 utrum
724 927 799 977 simu
812 926 946 986 scripture
957 936 1046 973 sacra

256 1077 480 1146 70t0Utilitos,
504 1091 572 1153 quae
594 1090 632 1134 ex
649 1071 749 1133 studio
773 1070 936 1130 Librorum
959 1083 1123 1128 sacronuu
1143 1065 1296 1135 redundat,

220 1173 266 1227 ost
283 1166 405 1245 ingens,
419 1159 509 1242 atque
523 1163 555 1221 in
567 1159 715 1222 studentis
727 1175 762 1219 ac
779 1156 910 1236 proximi
935 1153 1056 1214 bonum
1074 1153 1172 1215 cedit
1195 1151 1296 1214 Debito

219 1253 302 1313 cuim
321 1251 421 1313 studio
435 1250 599 1328 scripturae
619 1263 712 1306 sacrae
728 1242 920 1311 incumbens,
934 1241 993 1300 Dei
1004 1239 1198 1321 TerOptimi
1209 1239 1296 1299 llari-

219 1337 259 1395 mi
278 1336 543 1414 omnipotentiam,
559 1331 784 1410 providentiam
793 1330 824 1388 in
838 1327 959 1396 omnia,
982 1332 1015 1385 et
1027 1326 1236 1405 prasertimin
1246 1341 1295 1404 ge

219 1441 273 1484 uus
295 1423 479 1489 humanum,
501 1427 592 1496 atque
611 1414 852 1476 misericordiam
875 1413 1058 1474 admiratur.
1078 1412 1294 1492 contemplatur

219 1523 326 1568 arcana
334 1507 387 1566 illa
395 1507 452 1565 Dei
463 1505 607 1576 consilia,
618 1502 727 1581 quibus
743 1502 866 1561 hannani
873 1500 1006 1580 *generis
1027 1501 1184 1569 misertis,
1202 1500 1293 1578 ipsum

218 1593 249 1652 in
262 1609 348 1671 spem
367 1591 568 1651 restitutionis
581 1590 613 1649 in
630 1589 766 1667 pristinae
777 1586 931 1647 felicitatis
943 1586 1118 1664 spiritualis
1133 1594 1234 1647 statum
1241 1586 1294 1645 eri-

217 1676 273 1755 git,
286 1677 316 1736 ei
331 1676 557 1756 redemptorem
575 1674 780 1755 appromittit‚
802 1672 848 1732 illi
865 1672 1168 1750 appropinquantem
1179 1689 1237 1733 sure
1250 1686 1293 1730 re-

219 1759 405 1841 demptionis
416 1760 564 1840 epocham
572 1760 742 1821 successive
756 1758 885 1826 revelat,
909 1756 1077 1817 sonorem
1092 1758 1292 1835 coelestemque

217 1844 387 1908 doctrinam
412 1842 603 1925 impertitur,
629 1853 719 1922 atque
742 1842 864 1903 tandem
884 1843 918 1901 iu
939 1842 1140 1921 plenitudine
1162 1842 1292 1922 temporis

217 1932 311 1990 mittit
324 1931 462 1991 divinum
480 1949 565 1990 suum
578 1930 688 1998 lilium,
703 1929 755 2006 qui
769 1935 866 1987 morte
882 1944 938 1986 sua
951 1934 1082 1987 cruenta
1093 1935 1218 2007 peccato
1232 1944 1291 1988 uos·

218 2024 331 2075 trorum
346 2023 594 2095 protoparentum
611 2015 731 2095 expiato
744 2055 753 2085 ,
772 2013 888 2074 clausas
901 2012 1020 2073 dudum
1031 2013 1107 2074 ooeli
1124 2020 1222 2093 portas
1231 2012 1291 2073 ada-

256 2100 306 2158 rit.

217 2115 269 2238 pe«
285 2183 409 2243 Attende
428 2185 494 2252 troi,
509 2205 526 2239 o
543 2182 698 2243 scribebat
716 2185 830 2243 Doctor
849 2181 998 2241 Gentium
1017 2181 1116 2243 charo
1131 2201 1186 2245 suo
1202 2185 1290 2244 Timo-

217 2267 305 2338 theo,
320 2288 337 2324 ι
359 2275 386 2325 et
403 2269 544 2327 doctrine
557 2288 566 2326 :
579 2268 658 2328 ritsto
674 2269 705 2326 in
718 2268 788 2328 ollis.
810 2271 874 2327 lloc
889 2269 965 2326 euim
986 2267 1125 2344 furiens,
1145 2279 1173 2330 et
1186 2272 1291 2350 αἱμα

217 2373 232 2406 n
246 2351 360 2410 solium
379 2351 487 2426 fucis,
505 2360 532 2409 et
544 2369 592 2411 eos
607 2354 660 2428 qui
679 2361 705 2411 te
725 2353 846 2411 oudtiott
859 2353 881 2414 ¹.
899 2374 915 2408 u
934 2355 1091 2416 Sacerdos
1108 2357 1201 2436 igitur
1211 2357 1289 2417 eorde

216 2453 307 2519 puro,
321 2435 522 2515 diligentique
535 2440 841 2499 attentioueanimum
852 2441 1018 2520 scriptume
1025 2461 1124 2505 sacrae
1132 2444 1288 2510 mordens

216 2524 312 2602 primo
324 2525 519 2602 semetipsum
531 2524 647 2584 salvum
659 2525 760 2586 faciet.
773 2528 893 2604 Elquid
910 2544 928 2587 a
941 2530 1043 2589 Deum
1061 2530 1231 2599 verendum,
1247 2530 1289 2590 di-

216 2609 317 2669 vinam
327 2609 392 2685 ejus
401 2609 504 2687 legem
512 2609 744 2682 observandam,
756 2613 1289 2693 veramquelelicitatemconsequen·

213 2692 283 2754 dam
299 2697 397 2774 aptius
415 2703 462 2756 est
479 2714 569 2774 quom
585 2695 718 2755 studimu
739 2698 860 2757 illorum
876 2697 1048 2772 librorum,
1068 2703 1122 2779 qui
1138 2701 1289 2781 impiranto

214 2782 329 2861 Spiritu
338 2790 442 2842 saneto
449 2784 562 2843 exarati
569 2783 792 2844 luertmtlDeus
805 2785 836 2844 in
849 2784 912 2844 illis
926 2785 1098 2847 exhibetur
1109 2796 1144 2848 ut
1157 2789 1290 2868 potentis·

214 2867 305 2928 simus
314 2877 404 2945 atquo
412 2867 868 2947 justissimus,quiriolationem
876 2888 940 2930 suae
949 2872 1029 2950 legis
1036 2874 1077 2933 ad
1084 2875 1290 2955 nutumptmire

215 2958 326 3027 potest,
345 2951 526 3030 quandoque
542 2955 574 3012 iu
591 2952 649 3014 hac
666 2955 729 3014 vita
744 2954 868 3033 plectit,
887 2973 1010 3035 semper
1025 2967 1098 3037 post
1115 2960 1196 3021 hanc
1212 2961 1292 3021 sitam

214 3037 279 3097 siue
299 3039 478 3117 poenitentia
500 3049 654 3118 peractam
674 3043 778 3119 punit,
801 3042 878 3120 legis
898 3060 974 3103 vero
992 3062 1057 3104 sure
1079 3047 1292 3108 observantiam

213 3137 333 3201 semper
348 3126 535 3184 remunerari
558 3133 604 3185 est
621 3135 759 3205 paratus,
772 3127 804 3185 in
826 3125 915 3202 hujus
933 3128 1007 3188 titae
1030 3129 1169 3193 decursu
1186 3148 1294 3214 semper

214 3209 430 3286 spiritualiter,
448 3219 479 3270 et
487 3212 664 3289 frequenter
678 3214 771 3272 etiam
783 3213 929 3274 felicitate
948 3223 1091 3286 terrena,
1108 3227 1292 3301 compensat,

213 3303 302 3372 atque
315 3313 437 3374 semper
450 3298 481 3355 in
496 3297 591 3357 altera
600 3299 662 3359 vita
674 3299 904 3371 liberalissime,
917 3301 1075 3380 modoque
1087 3308 1226 3386 supremi
1241 3308 1294 3367 lio·

213 3380 302 3440 rnhris
312 3380 406 3460 digno
420 3390 640 3442 remuneratur.
652 3385 727 3443 llaec
742 3392 788 3443 tot
799 3383 988 3445 illustrantur
999 3385 1142 3452 historiis
1160 3401 1192 3452 et
1202 3409 1294 3453 exem·

213 3464 287 3541 plis,
306 3473 340 3524 ut
360 3466 412 3543 qui
434 3483 469 3526 ea
481 3466 588 3526 sedulo
604 3469 737 3547 perlegit
752 3471 953 3543 commoveri,
966 3481 1000 3532 et
1018 3474 1061 3534 ad
1077 3475 1198 3538 bonum
1211 3495 1245 3539 ac
1263 3476 1293 3537 od

213 3548 325 3610 (livium
336 3550 414 3629 logis
428 3551 651 3612 obsonantiam
663 3554 784 3614 incitari
796 3555 919 3617 debeat.

250 3635 391 3697 lnlaibris
398 3637 491 3698 sacris
500 3636 720 3714 quodammodo
729 3657 944 3700 conversamur
953 3648 1293 3716 cumsanctisillisriris.

213 3728 245 3778 et
264 3724 320 3782 Dei
339 3725 461 3794 amieis,
471 3724 524 3801 qui
537 3724 612 3784 licet
623 3726 686 3785 vita
701 3727 822 3785 mortali
837 3726 950 3797 iuncti,
965 3730 998 3790 in
1016 3733 1084 3794 suis
1101 3737 1296 3817 seripttssmt

212 3807 400 3883 superstites,
412 3809 444 3868 in
457 3809 496 3869 iis
508 3827 564 3869 uos
578 3809 744 3878 instruunt,
760 3821 901 3882 monent,
912 3812 1093 3889 hortamur,
1106 3821 1294 3884 incitamenta

213 3897 246 3947 ct
256 3894 392 4037 eremplta
406 3894 550 4037 ristulum
559 3895 695 3967 tradtmt,
706 3896 855 3974 uobisque
863 3899 946 3959 tiam
954 3901 995 3962 ad
1004 3904 1172 3969 coelestem
1179 3909 1294 3988 patriam

213 3990 368 4038 commous
381 3996 434 4037 ran
449 4022 459 4038 .

245 4091 488 4159 *tremonem
