2708 4846
476 511 663 560 prunonem
684 511 880 560 ancnonuu.
1154 486 1217 557 'ur

132 602 234 663 nibus
243 601 379 678 patravit,
390 606 422 660 ut
432 600 613 663 divisionem
623 601 976 682 aquarnmttmisttubri,
986 599 1217 679 publicelcgcm
1242 612 1244 616 ’

133 705 225 747 suam
243 689 456 765 promulgavit,
474 697 532 750 etc.

175 771 208 832 δ’
224 774 350 850 Moysen
361 773 503 832 virtutem
521 793 581 834 non
595 775 747 854 dumtaxat
757 775 856 855 palam
868 775 923 836 sed
935 783 966 834 et
978 774 1058 835 elam
1070 774 1212 846 coluisse,

135 858 268 936 insignis
284 857 347 934 ojus
358 858 389 916 in
404 861 500 917 Deum
511 861 624 938 pietas,
637 861 766 921 maxima
778 861 948 932 humilitas,
960 859 1169 920 misericordia
1185 861 1215 923 iu

136 959 299 1022 pauperes,
314 944 444 1022 propriae
460 946 598 1006 utilitatis
616 947 783 1024 neglectus,
800 947 929 1009 charitas
949 947 982 1007 in
1002 963 1120 1018 omnes,
1135 947 1218 1008 zelus

139 1027 244 1106 gloriae
257 1028 331 1099 Dei,
348 1035 422 1099 etc,
441 1032 595 1089 evincunt.
1226 1042 1229 1047 '

177 1112 207 1174 δ’
223 1114 389 1178 Commoda
408 1123 439 1173 ot
451 1115 595 1176 utilitates
611 1118 713 1197 populi
730 1119 790 1179 sibi
808 1116 958 1177 commissi
976 1118 1037 1178 suis
1052 1117 1218 1179 commodis

138 1198 214 1260 adeo
230 1199 411 1278 praeposuit,
426 1208 458 1259 ut
476 1202 608 1276 pericula
623 1221 818 1281 quaecumque
831 1221 886 1281 pro
899 1221 935 1263 eo
949 1205 1060 1282 populo
1077 1205 1215 1265 subierit.

136 1284 214 1348 Cum
237 1287 320 1345 Deus
344 1285 491 1345 rebellem
512 1285 590 1348 hanc
610 1289 765 1348 nationem
788 1288 1048 1349 exterminandam
1073 1289 1215 1362 dixisset,

134 1368 257 1447 Moyses
268 1369 463 1447 semetipsum
474 1371 627 1430 victimam
639 1390 693 1449 pro
716 1374 780 1450 ejus
805 1373 900 1433 salute
918 1373 1042 1444 obtulit,
1060 1373 1217 1451 Deumque

134 1452 320 1532 deprecans:
336 1475 351 1511 x
365 1456 500 1528 Dimitte,
514 1457 624 1527 aiebat,
639 1458 699 1518 illis
711 1458 788 1519 hanc
804 1476 931 1529 noxam,
947 1465 997 1518 aut
1008 1459 1033 1517 si
1047 1475 1109 1518 nou
1125 1458 1215 1530 facis,

134 1556 154 1597 ι
166 1539 237 1600 dele
253 1556 305 1600 me
322 1540 361 1600 de
375 1540 468 1611 libro,
487 1559 577 1617 quem
592 1543 738 1621 scripsisti
751 1542 855 1620 (Exod.
875 1542 933 1617 52).
949 1564 965 1599 o
978 1542 1063 1602 Nihil
1081 1542 1216 1622 profecto
1276 1590 1281 1600 .

134 1622 180 1684 illi
200 1625 425 1705 expectandum
446 1635 510 1687 erat
529 1644 546 1686 a
566 1629 677 1706 populo
695 1629 778 1689 durae
800 1629 945 1699 cervicis,
961 1628 994 1687 in
1015 1628 1218 1690 idololatriam
1330 1674 1335 1685 .

134 1726 250 1791 prono,
275 1718 307 1772 et
329 1710 393 1771 fere
412 1729 531 1790 semper
548 1715 676 1785 rebelli,
694 1716 745 1793 qui
767 1715 829 1791 jam
848 1714 939 1773 tertio
956 1712 1007 1773 die
1025 1714 1064 1773 ab
1081 1715 1163 1773 exitu
1180 1732 1217 1775 ex

135 1794 272 1877 AEgypto
291 1796 325 1855 in
346 1796 432 1856 illum
448 1798 627 1868 insurrexit,
650 1806 682 1858 et
699 1799 737 1858 de
753 1816 811 1876 quo
828 1797 942 1872 (Exod.
960 1797 1005 1865 l'l,
1022 1797 1082 1871 it:
1102 1817 1118 1852 u
1136 1797 1217 1873 Quid

135 1897 154 1938 tr
166 1882 275 1943 faciam
285 1882 398 1963 populo
413 1881 502 1941 huic?
515 1883 628 1959 inquit,
643 1882 741 1942 adbuc
752 1882 905 1961 paululum
918 1888 948 1940 et
960 1880 1110 1959 lapidabit
1124 1900 1184 1942 me.
1200 1905 1216 1941 u

134 1962 278 2047 Magnum
289 1968 425 2047 profecto
437 1968 482 2026 illi
493 1975 557 2026 crat
568 1967 803 2026 emolumentum
818 1974 848 2025 et
865 1982 972 2045 magna
982 1966 1089 2043 gloria,
1101 1967 1217 2030 divitiis

136 2047 206 2113 filia
215 2053 395 2124 Pharaonis,
409 2071 471 2114 suae
483 2054 587 2113 matris
600 2053 760 2131 adoptivae,
773 2051 956 2122 valedicere,
970 2059 1001 2112 et
1010 2068 1065 2129 per
1072 2051 1111 2112 bt)
1122 2070 1216 2117 annos

135 2152 191 2217 per
205 2138 275 2201 loea
289 2139 404 2200 inculta
420 2148 451 2199 et
470 2139 620 2218 inhospita
638 2156 706 2199 eum
722 2137 832 2197 rebelli
850 2154 970 2214 semper
985 2137 1112 2217 populu,
1128 2140 1217 2208 bonis

133 2223 1217 2305 spoliato‚ete.,errare!commodaaehonorcmsuaefamiliaetamparum

133 2310 291 2389 quaesivit,
308 2317 343 2370 ut
360 2310 451 2370 fratre
467 2311 588 2370 harenc
601 2311 762 2371 constituto
780 2309 941 2382 Pontifiee,
960 2312 1099 2381 Josuam,
1116 2312 1216 2373 virum

133 2396 259 2458 alterim
269 2396 381 2469 trihus,
393 2396 501 2457 ducem
512 2398 614 2475 populi
628 2396 786 2457 lsradlitici
801 2397 992 2457 constituerit
1003 2397 1132 2474 propriis
1146 2396 1216 2461 filiis

133 2480 167 2543 in
187 2481 367 2543 Levitarttm
386 2482 480 2543 classe
499 2482 613 2543 relictis
633 2482 744 2558 (Exod.
762 2483 797 2554 lt,
818 2482 864 2543 90.
879 2483 949 2543 lud.
968 2482 1020 2552 ts,
1040 2482 1104 2559 50).
1127 2484 1216 2561 Quod

133 2566 326 2646 Moysessibi
335 2569 455 2646 suisque
468 2568 589 2629 divitias
599 2567 676 2627 haud
684 2567 837 2644 quaesierit
846 2574 928 2646 patet
940 2568 1063 2644 insuper
1072 2570 1213 2645 ex(Num.

135 2652 181 2726 lo,
192 2654 254 2729 ta),
265 2653 320 2713 ubi
329 2655 411 2714 Deo:
424 2674 440 2710 a
453 2653 579 2721 Tuscis,
593 2654 645 2723 ait,
659 2653 739 2731 quod
752 2669 791 2711 ne
804 2653 929 2712 asellum
941 2651 1064 2728 quidem
1073 2671 1216 2730 umquam

136 2736 384 2817 susceperintab
393 2736 448 2806 eis,
458 2752 514 2794 nee
525 2734 685 2793 afflixerim
697 2750 875 2810 quemquam
887 2733 1017 2791 illormn.
1030 2752 1045 2787 u
1057 2734 1216 2812 Postquam

136 2818 252 2881 dumis
269 2820 343 2882 vitae
363 2821 522 2879 momentis
539 2819 727 2899 principibus
744 2836 779 2880 ac
797 2818 908 2898 populu
921 2818 1055 2877 strictam
1071 2817 1149 2897 legis
1160 2821 1217 2881 ob-

138 2905 336 2977 maan,
355 2904 622 2982 inviolabilemque
640 2906 672 2964 in
687 2908 785 2965 Deum
801 2902 978 2965 fidelitatem
999 2902 1097 2963 adhuc
1117 2903 1217 2966 incul-

138 2998 251 3065 ωσι,
260 2992 340 3054 obiit
351 3009 473 3070 pauper,
487 2992 602 3053 relictis
614 2992 740 3069 posteris
753 2992 805 3069 qui
817 3007 876 3052 nec
887 2989 1004 3050 divitiis
1015 3006 1073 3051 nec
1086 2989 1217 3070 dignita·

140 3076 224 3139 ilbm
235 3079 389 3158 conspicui
400 3078 530 3139 fuerunt.

179 3161 212 3221 ⁷⁰
223 3163 342 3243 bloyses
357 3180 375 3224 a
391 3163 537 3242 captanda
553 3160 776 3222 adulationibus
791 3159 895 3239 populi
912 3159 1126 3219 benevolentia
1138 3161 1215 3223 adeo

141 3247 259 3313 alicam
268 3250 339 3323 fuit,
351 3258 385 3310 ut
397 3250 455 3329 ipsi
471 3247 728 3327 frequentissime,
743 3247 786 3306 uti
804 3254 833 3305 et
851 3245 916 3325 ejus
932 3244 1135 3324 principibus,
1148 3264 1217 3309 suos

142 3348 259 3397 errores
276 3353 384 3398 severe
402 3334 642 3413 exprobraverit,
664 3332 743 3396 etin
765 3348 883 3404 omnes,
902 3332 993 3392 immo
1013 3330 1047 3391 in
1063 3332 1216 3410 propriam

144 3416 284 3482 hmiliam
300 3422 518 3503 rigorosissime
533 3420 790 3482 animadverterit.
1218 3456 1224 3468 ·

175 3505 209 3566 8·
219 3507 360 3586 Proprios
371 3525 487 3568 errores
497 3525 531 3568 ac
541 3525 643 3568 naevos
652 3508 780 3567 candide
790 3507 883 3567 fassus
895 3512 950 3578 est,
962 3511 993 3565 et
1005 3521 1072 3566 suas
1082 3503 1216 3566 actiones

146 3588 283 3666 Ilm,
296 3611 369 3672 quas
380 3594 420 3653 ob
430 3594 565 3654 historiae
578 3611 688 3653 nexum
699 3608 857 3653 recensere
869 3591 990 3661 debuit,
1007 3591 1049 3650 ita
1063 3590 1215 3667 exposuit,

141 3682 246 3741 unou
256 3680 334 3751 sibi,
346 3680 399 3741 sed
410 3683 475 3741 Deo
489 3681 593 3759 gloriae
606 3681 802 3753 ducerentur,
816 3696 850 3740 ac
861 3686 894 3738 ut
906 3678 1032 3740 consilia
1048 3677 1104 3736 Dei
1117 3677 1149 3735 in
1160 3693 1216 3754 po-

84 3834 89 3847 ,
141 3760 452 3843 pnlmnisracliticmn
469 3766 685 3827 clucescerent.

84 3850 99 3931 ij·
117 3846 210 3937 „tter
219 3850 283 3915 lies
292 3853 421 3912 maxime
432 3852 592 3922 sublimes,
604 3852 695 3912 fortes
704 3852 895 3929 illustresque
903 3866 971 3911 suas
981 3848 1127 3918 actiones,
1136 3847 1214 3926 stylo

84 3934 276 4051 ιζ’-11η
286 3938 518 4017 simplicissimo,
531 3954 601 3999 usus
612 3938 715 4000 verbis
726 3938 909 4018 vulgaribus,
924 3942 954 3996 et
967 3950 1024 4012 qua
1038 3932 1136 4013 potuit
1146 3951 1217 3996 ver-

94 4062 98 4071 ·
129 4006 252 4099 skura
265 4022 451 4085 concisione.

94 4108 103 4169 ’.
172 4100 260 4173 “bun
276 4110 371 4193 igitur
386 4111 527 4192 Moyses,
545 4107 629 4191 eujus
648 4111 683 4175 in
703 4126 831 4191 persona
848 4107 1008 4175 evidentes
1025 4107 1215 4172 characteres
1283 4159 1286 4165 .
