2708 4846
314 486 453 538 lthlblt)
465 486 654 538 htnnbntttt
667 486 867 538 tithonum.
1107 482 1125 532 Ι

83 574 177 649 witi}
192 578 304 640 aaron
315 578 430 650 Foedes,
448 580 646 641 reddiderrmt
665 598 722 661 per
736 583 823 641 Vetas
846 580 1067 645 Telamonem,
1087 589 1141 661 et⁸

83 663 174 721 domin
193 664 417 734 Testamentum,
436 665 635 727 attribuentes
655 682 711 747 per
727 665 916 745 graecimum
932 662 1003 725 voci
1025 662 1125 723 Testa-

84 747 218 893 ιιιεέιξιιῑιιι
231 749 315 809 vocis
327 750 470 821 foderis,
482 758 517 811 ut
526 752 667 813 observet
678 754 709 813 S.
725 752 926 828 Hieronymus
937 747 1123 826 (Commeat.

84 830 111 891 iu
130 834 141 891 l
167 834 230 895 ach.
246 851 274 895 c.
284 834 333 912 2.)

111 917 179 979 libri
191 936 264 981 vero
277 921 579 1000 utriusqueFoederis
594 922 805 1003 dispescuntur
819 923 853 983 in
869 918 1123 993 Proto'oononicos,
1214 938 1221 951 ·

90 1006 398 1070 eenerocmmicos.
425 1010 654 1072 Protocanonici
678 1011 792 1072 veteris
817 1009 969 1083 eredens,
991 1015 1062 1071 sunt
1084 1007 1124 1080 ii,

89 1104 141 1165 quos
151 1092 302 1173 synagoga
317 1093 352 1155 in
362 1112 415 1157 suo
428 1094 552 1159 Canoue
570 1096 722 1159 recensuit
732 1091 781 1172 (ιι.
793 1096 840 1175 6);
853 1093 1125 1157 Deuterocanonicl

88 1181 175 1250 adem,
194 1196 268 1257 quos
281 1179 321 1241 iis
333 1180 366 1242 in
385 1197 438 1243 suo
451 1180 577 1244 Canoue
592 1180 801 1263 superaddidit
820 1181 958 1243 Ecclesia
977 1178 1126 1243 catholica

88 1256 167 1341 int).
178 1264 408 1330 Protocnuonici
427 1268 500 1329 novi
515 1266 651 1330 Foederis
669 1268 809 1330 dicuntur
826 1268 866 1342 ii,
881 1268 934 1345 qui
953 1283 1074 1347 semper
1085 1265 1125 1327 ab

87 1348 198 1411 mnibus
209 1351 353 1414 Ecclesiis
372 1354 604 1433 particularibus
619 1361 654 1415 ut
667 1352 764 1415 divini
776 1354 876 1415 habiti
892 1353 1029 1423 fuerunt;
1043 1353 1126 1414 Deu-

88 1436 263 1498 terocanouici
274 1454 364 1510 vcro,
379 1439 431 1517 qui
444 1439 516 1499 olim
526 1439 565 1501 ab
577 1440 726 1517 ailquibus
738 1445 772 1499 ut
790 1438 893 1509 dubii,
905 1444 1013 1518 postea
1024 1444 1125 1500 eutem

83 1512 244 1583 nhomnibus
255 1523 401 1585 Ecclesiis
414 1532 448 1584 ut
460 1541 543 1586 sacre
556 1525 712 1606 Scriptura
721 1525 819 1605 agniti
831 1532 900 1587 sunt
912 1523 959 1601 (n.
970 1524 1015 1603 6).

111 1602 136 1658 ²·
146 1606 461 1687 DistinguuuturLibri
470 1606 550 1675 sacri
560 1611 594 1672 in
609 1610 737 1691 legales,
754 1610 928 1683 historicos,
943 1607 1126 1691 sapientales

81 1692 306 1771 acpropheticos.
321 1695 355 1755 ln
367 1696 466 1756 reteri
476 1696 604 1757 Foedere
616 1697 949 1775 legalessuutquiuque
960 1695 1032 1755 libri
1041 1696 1126 1771 bloy-

81 1773 122 1846 sts;
133 1776 260 1840 historici
274 1779 346 1840 libri
360 1782 468 1852 Josue‚
480 1783 500 1841 J
502 1782 637 1854 udicum‚
647 1782 745 1854 Ruth,
758 1782 917 1859 ulliusque
930 1779 969 1841 ad
982 1780 1124 1849 Psalmos,

79 1861 231 1941 pn'musque
242 1882 278 1927 ac
293 1867 441 1928 secundus
456 1866 708 1929 Macchabaeorum.
721 1867 772 1928 Ad
794 1865 976 1945 sapientales
990 1871 1127 1943 spectent

11 1982 14 1987 -
75 1942 179 2020 Psalmi,
193 1951 367 2023 Proverbiis,
379 1958 438 2011 etc.
449 1967 543 2027 usque
556 1950 594 2011 ad
608 1950 782 2029 Prophetas.
795 1950 844 2011 Ad
852 1948 1048 2031 propheticos
1059 1964 1128 2029 per·

74 2029 159 2093 tinem
174 2034 245 2095 libri
260 2037 361 2108 isaim,
375 2035 520 2096 teremiec
531 2036 775 2113 reliquorumque
788 2034 1015 2115 Prophetarum.

100 2119 131 2178 lu
142 2137 219 2181 novo
227 2122 355 2182 Foedere
366 2122 480 2200 legales
488 2128 558 2182 sunt
568 2130 695 2199 qrratuor
706 2121 886 2201 Evangelia;
899 2119 1037 2182 historici
1048 2120 1126 2181 Acte

23 2216 28 2229 ·
68 2204 284 2285 Apostolorum
295 2208 475 2287 sapientales
484 2208 626 2288 Epistoloe
639 2210 669 2270 S.
684 2208 785 2281 Pauli,
799 2208 1126 2291 aliorumquehpcsto·

65 2288 154 2353 lonuu
161 2312 170 2365 ;
185 2295 223 2356 ad
234 2294 428 2374 propheticos
441 2303 555 2374 spectat
567 2295 776 2375 Apocalypsis.

89 2448 120 2497 V.
132 2452 230 2499 immed
246 2443 494 2511 hermentionem,
505 2451 532 2501 et
549 2451 716 2512 Babylonicum
732 2453 762 2501 ut
779 2448 1017 2503 libros'doctrtnules
1034 2450 1128 2503 liabent

59 2519 200 2575 llnbbnuitre
215 2532 260 2569 seu
276 2520 391 2568 liabbiui.
407 2520 557 2570 viridantur
573 2520 650 2573 indui
666 2520 779 2569 hodierni
799 2522 825 2569 in
841 2532 892 2570 tres
906 2525 998 2583 nectas,
1016 2525 1043 2571 iu
1059 2525 1127 2572 illam

57 2602 147 2650 nempe
165 2588 355 2637 ltabbanitarum
369 2602 414 2639 neu
429 2590 608 2651 llabbinorum,
618 2591 644 2638 ct
653 2590 842 2653 Pharisaeorum,
858 2592 886 2640 in
903 2604 958 2640 earn
974 2593 1129 2641 ltarattarum

57 2660 112 2711 nire
123 2660 269 2717 tamtum,
277 2659 337 2706 etin
346 2661 437 2707 sectam
448 2659 634 2708 Sadducaeorum
644 2657 739 2721 (center
747 2661 814 2711 mbo
822 2659 925 2723 notauit.
936 2661 1016 2709 Prima
1023 2663 1088 2711 net-to
1096 2662 1128 2711 ab

55 2728 115 2779 aliis
124 2726 295 2789 distinguitur,
310 2727 376 2788 quod
386 2730 476 2789 preter
486 2729 590 2779 Ttorom
599 2742 645 2778 scu
654 2731 737 2790 herme
747 2732 875 2791 scriptam,
889 2730 1031 2791 profiteatur
1046 2733 1129 2793 ιερειιε

58 2798 196 2855 Traditum
206 2808 281 2857 quarn
291 2808 306 2844 a
316 2797 369 2845 neo
377 2797 467 2858 moysi,
485 2810 531 2858 per
539 2797 571 2847 to
585 2798 638 2847 dies
648 2799 675 2846 in
690 2800 775 2848 monte
791 2798 859 2847 Sinai
874 2799 997 2860 uersanti,
1013 2801 1129 2849 oretenus

54 2865 174 2915 badium
190 2878 243 2913 esse
258 2865 395 2915 adstrurmt.
406 2868 473 2915 llenc
491 2868 717 2929 legem-traditam,
734 2879 808 2929 utram
825 2869 854 2916 ut
872 2867 1053 2929 expositionem
1067 2870 1129 2929 lepis

55 2935 154 2995 scripte
165 2935 270 2997 haltrat,
280 2935 375 2995 primus
386 2936 477 2985 litteris
491 2938 618 2987 mandauit
626 2942 657 2988 lt.
665 2941 733 2988 tenne
742 2938 894 2987 mammone
899 2971 907 2996 ‚
919 2940 945 2985 et
955 2937 1001 2986 hoc
1010 2950 1072 2999 epus
1081 2942 1129 2988 mt-

55 3006 131 3059 xtmn
138 3004 385 3062 commissatorem
395 3008 445 3066 est,
457 3008 562 3055 sennua
571 3009 631 3065 les,
642 3006 719 3057 audit
730 3006 779 3055 Alii
788 3006 848 3055 dein
857 3006 961 3055 llabbini
968 3018 1044 3055 novas
1052 3020 1127 3069 expo-

55 3074 163 3127 sitiones
176 3084 205 3121 ar
220 3072 397 3123 declarationes
411 3075 472 3136 legis
488 3075 662 3135 compilarem,
677 3088 731 3135 quse
748 3074 923 3135 Hierosolymis
939 3075 965 3122 in
979 3088 1058 3122 unum
1072 3089 1129 3125 cum

55 3141 170 3193 llischua
178 3140 293 3200 redactae,
305 3141 439 3192 etieceruut
450 3143 589 3191 iudaeorum
599 3144 690 3191 librum
705 3142 880 3202 doctrinalem,
890 3142 934 3203 ipul
947 3145 1046 3190 rotem
1056 3157 1129 3193 voea-

54 3214 109 3263 tnr.
118 3208 211 3259 'l'exttrs
220 3210 382 3271 utitinam,
388 3214 415 3261 et
421 3212 509 3261 additae
519 3211 685 3274 expositiones
694 3212 798 3260 Genrnrn
807 3210 1026 3270 erumpentum
1035 3213 1129 3260 en'tal-

54 3280 140 3331 nnndin
154 3278 369 3341 Hierosolymitoui
390 3282 485 3329 ortuum
503 3283 594 3341 Verum
611 3280 649 3329 lrae
664 3280 803 3339 tudteorom
813 3278 1021 3328 Palaestinensium
1032 3280 1131 3340 exposi-

56 3350 138 3401 tiones
153 3348 368 3399 ornnibustudaeis
383 3362 434 3398 non
451 3351 609 3412 placuerunt3
626 3361 703 3411 quere
719 3348 763 3397 ulii
779 3348 859 3398 indui
872 3348 996 3409 Babylone
1013 3347 1130 3398 idiomate

57 3416 185 3467 chaldaico
193 3428 271 3465 noras
280 3420 452 3478 congesserunt
462 3419 628 3480 expositiones
637 3432 666 3467 ac
677 3418 865 3481 declarationes,
876 3430 930 3479 quse
945 3419 1035 3466 nermo
1044 3417 1130 3479 quinto

56 3485 246 3551 pnetchrlmnm
260 3487 346 3533 natum
362 3488 541 3536 constituerunt
553 3487 656 3535 'labnud
669 3487 853 3549 Babylonicum.
865 3487 943 3536 ludaei
957 3486 1068 3535 hodierni
1084 3488 1130 3536 hoe

57 3554 288 3607 manuninum
298 3555 383 3617 priori,
393 3556 526 3618 immolpsi
535 3569 610 3605 samse
620 3556 750 3617 Scriptura
760 3558 912 3617 praepouunt.
922 3555 999 3618 (Vide
1008 3558 1130 3616 ltortreim,

57 3626 226 3689 multer
235 3624 310 3684 {riade
320 3626 362 3672 der
371 3625 450 3681 ebriat.
461 3628 579 3687 ltelioim3
590 3628 769 3684 Bortotoceiurn,
780 3627 914 3677 llibttottree.
925 3625 1060 3679 rnbhioiror
1071 3628 1131 3675 llut-

56 3698 181 3759 tinpmr,
190 3694 317 3765 compet.
327 3693 573 3756 Theotocirejedoicoe,·
586 3697 685 3754 Maian,
696 3697 794 3756 Synopt·
807 3695 1043 3757 Theotouioes'ndntcoe
1049 3699 1132 3749 oeterle

56 3766 81 3815 nt
94 3776 176 3823 m,
190 3762 362 3889 (impaenitens,
372 3765 468 3814 Dicent.
479 3766 508 3813 de
519 3765 624 3814 arcemn
636 3763 813 3827 titcie’rttoicm3
825 3765 1000 3827 tristantium,
1015 3763 1043 3812 de
1057 3767 1144 3819 biber·

54 3832 279 3895 matie.

11 3933 15 3939 -
65 3900 160 3957 eta
168 3900 258 3963 quates
268 3899 355 3961 libros,
371 3902 503 3965 qmlesque
513 3903 592 3953 sectas
604 3903 746 3965 Philosophi
755 3900 845 3954 beistae
858 3914 934 3953 ειεειε
945 3899 1131 3956 uostris-bibliis

54 3980 192 4035 mi
203 3969 298 4027 dietum
306 3970 419 4031 religioni
429 3985 552 4034 opponere
562 3973 615 4023 ausi
626 3974 683 4024 sint.
691 3976 845 4025 memmenni
855 3976 880 4022 in
889 3972 1064 4033 recitationibus
1071 3977 1130 4034 mis,

10 4058 20 4125 b·
41 4093 45 4099 ,
52 4038 241 4169 amur
248 4042 286 4157 {sit
293 4039 407 4160 ”rupim
424 4045 750 4162 eorhgoneorptieeoteeenirn
762 4058 786 4097 εε
801 4056 848 4096 em
861 4042 1132 4107 aucmentacione

10 4128 15 4153 Ι
128 4170 136 4177 .
226 4139 238 4173 2
280 4130 294 4144 “
403 4142 411 4158 ι
421 4123 448 4160 n·
490 4146 500 4170 ρ
