2708 4846
452 493 642 543 ainnohun
657 490 857 541 sacnonnn.
878 552 883 561 ι
1139 486 1190 539 m

136 589 372 664 tioncs‚quarum
391 587 586 648 excitatorum
601 586 757 646 occasione
776 584 897 664 spiritus
914 581 967 644 ille
978 582 1053 643 alios
1067 581 1189 643 maritos

136 673 284 734 occiderat.
301 672 362 736 Cor
372 680 471 732 autem
483 681 514 732 et
523 671 609 749 jecur
620 671 706 732 istius
717 671 808 748 piscis
820 670 943 730 incensa
954 669 1096 728 virtutem
1107 667 1190 728 cohi·
1299 744 1301 749 Ι

133 756 218 819 bendi
233 759 386 837 passiones
402 757 540 818 habuisse
561 774 650 817 nemo
665 756 837 823 mirabitur,
863 755 933 814 dnm
952 759 1072 832 reputat
1089 754 1191 833 plures

130 843 237 920 plantas
254 841 310 903 hae
320 843 351 901 vi
362 842 501 922 praeditas
518 859 593 903 esse.
614 844 687 921 Cap.
703 849 801 902 autem
814 841 847 910 8,
865 839 1081 901 'dsolummodo
1098 840 1190 918 signi·-

128 928 227 991 lieatur
248 928 432 1008 Raphaelem
444 930 556 990 virtute
567 930 624 989 Dei
637 929 795 989 Asmodreo
807 927 937 988 nocendi
950 928 1013 985 vim
1026 925 1187 1009 ademisse;

126 1030 159 1076 ee
167 1015 200 1075 in
211 1015 311 1075 loctnn
323 1015 408 1074 abire
418 1013 556 1091 jussisse,
569 1015 622 1074 ubi
636 1015 751 1074 nemini
764 1030 875 1074 nocere
887 1021 1015 1090 poterat.

156 1098 190 1161 θ’
201 1099 334 1162 «Oculis
346 1101 516 1181 patentibus
528 1101 679 1160 dormiunt
690 1101 824 1180 lepores,
837 1099 984 1175 multique
996 1097 1188 1169 hominumn

124 1187 164 1247 eit
174 1186 290 1248 Plinius
301 1187 327 1258 ';
342 1204 433 1265 quare
446 1189 472 1248 si
491 1188 603 1247 Tobias
616 1188 656 1248 ita
670 1187 828 1259 dormivit,
843 1188 872 1246 ei
886 1186 983 1247 calida
996 1185 1189 1248 hirundinum

122 1281 253 1335 sterema
265 1291 283 1334 e
299 1274 388 1345 nido,
401 1277 433 1335 in
447 1293 505 1352 quo
518 1275 619 1355 plures
630 1274 807 1335 hirundines
820 1280 919 1343 erant,
933 1273 1021 1332 laeile
1039 1274 1069 1332 in
1087 1274 1190 1335 ambos

122 1359 224 1422 oculos
243 1361 332 1421 simul
356 1361 492 1443 incidere
517 1368 687 1441 potuerunt.
711 1360 771 1421 Sed
792 1359 819 1420 si
837 1360 950 1420 Tobios
973 1361 1064 1419 etiam
1083 1360 1190 1421 clausis

121 1446 216 1507 omlis
227 1446 381 1516 dormivit,
393 1464 445 1508 eos
457 1463 528 1507 casn
539 1448 657 1526 aperire
669 1446 775 1524 potuit.
784 1446 983 1507 Excrementa
994 1444 1190 1523 hirundinum

121 1528 152 1587 vi
160 1528 224 1589 acri
237 1536 270 1588 et
281 1530 412 1588 maxime
424 1529 555 1590 caustica
563 1529 690 1608 predita
701 1535 780 1599 sunt,
791 1528 1021 1589 utNaturalistae
1031 1535 1188 1600 testantur,

121 1612 163 1673 ite
173 1619 208 1674 ut
220 1614 309 1675 valde
323 1614 420 1675 calida
436 1632 575 1675 corneam
593 1615 746 1676 oculorum
766 1614 892 1675 adurere
905 1623 1036 1695 possent.
1051 1617 1190 1677 Stercore

121 1716 194 1761 vero
206 1701 303 1763 oculis
315 1701 420 1762 Tobiae
437 1701 542 1781 illapsa
558 1702 718 1762 admodum
733 1702 830 1763 calida
845 1720 907 1762 non
922 1704 1055 1773 luemmt,
1070 1703 1124 1764 sed
1142 1704 1190 1763 in·

119 1784 354 1847 docimationem
369 1787 402 1846 in
418 1788 513 1847 oculis
526 1787 744 1866 produxerunt,
758 1803 824 1864 quae
835 1804 976 1847 manuum
990 1788 1144 1858 frictione,
1156 1796 1191 1850 ut

121 1872 236 1943 evenit,
246 1873 381 1942 adaucta,
394 1872 559 1951 glaucoma,
571 1889 625 1933 scu
637 1879 758 1931 tenuem
768 1871 940 1951 pelliculam
953 1873 1074 1952 pupillis
1086 1891 1190 1953 super-

119 1954 238 2017 induxit
245 1974 253 2027 ;
276 1972 367 2034 quare
386 1965 489 2016 arretor
505 1957 576 2016 libri
602 1958 709 2016 'lobias
731 1957 774 2016 ait
805 1974 824 2017 e
844 1957 950 2016 Tabim
972 1958 1066 2018 oculis
1086 1966 1190 2037 postea

119 2041 231 2105 exiisse
244 2043 331 2120 quast
339 2043 533 2102 membranam
546 2043 596 2103 oui
611 2043 696 2122 (cap.
711 2043 756 2113 ll,
771 2043 805 2102 llt
814 2044 835 2120 ).
848 2044 927 2105 ilinc
938 2045 1035 2121 liquet
1048 2062 1191 2124 organum

119 2128 201 2191 vistis
220 2130 327 2190 Tobiae
339 2146 460 2199 sanum,
473 2129 527 2190 sed
544 2130 685 2210 pellicula
704 2131 889 2191 solummodo
909 2132 1070 2194 obductum
1088 2133 1188 2195 luisse.

120 2214 316 2277 Removenda
332 2216 534 2276 tantummodo
551 2223 615 2276 erat
632 2216 735 2277 isthaec
754 2216 909 2297 pellicula,
923 2217 981 2279 hoe
999 2228 1100 2281 nostro
1113 2228 1190 2281 tem-

120 2318 194 2381 pore
205 2318 262 2364 acu
273 2301 446 2379 frequenter
463 2303 603 2363 aufertur.
615 2302 788 2383 Physiologi
801 2311 900 2365 autem
913 2308 1110 2378 conveniunt,
1125 2308 1189 2370 lolli

120 2384 208 2459 lucii,
228 2386 401 2466 callionymi
419 2393 450 2447 ct
468 2389 678 2448 nonnullorum
700 2389 827 2449 aliorum
845 2391 971 2470 piscium
988 2394 1049 2454 vim
1068 2394 1189 2473 glauco-

119 2478 199 2533 mata
212 2472 358 2551 abigendi
376 2474 496 2533 inesse:
513 2474 640 2551 proinde
655 2475 767 2535 Tobias
781 2474 882 2552 junior
898 2477 970 2538 felle
989 2479 1079 2559 piscis
1099 2481 1189 2543 etiam

120 2555 298 2619 naturaliter
309 2557 388 2633 patri
400 2555 497 2617 visum
508 2557 667 2616 restituere
680 2558 789 2635 potuit.

517 2704 557 2752 nl:
572 2703 661 2751 Ltutto
676 2703 793 2751 JUDl'l'll.

249 2818 389 2891 sbxxxv.
401 2846 430 2859 -
440 2821 546 2887 Lingua,
557 2822 655 2885 auctor,
665 2822 723 2873 etas
735 2823 761 2872 et
771 2821 895 2873 versiones
904 2823 967 2873 libri
973 2823 1067 2876 iudith.
1182 2824 1184 2829 '

158 2956 231 3013 2⁴⁷·
238 2956 363 3019 Librum
375 2956 455 3019 hunc
465 2957 569 3036 lingua
580 2955 723 3018 hebraica
731 2958 941 3038 seriptumnon
952 2958 1052 3031 luisse,
1066 2968 1189 3028 testatur

120 3040 393 3123 Origenelepist.
405 3043 443 3103 ad
452 3043 625 3103 Africanum
634 3042 648 3117 l
657 3044 792 3104 scribens
812 3043 889 3105 nihil
902 3062 1041 3121 umquam
1055 3047 1189 3113 detentu

120 3128 226 3207 aliquo
234 3128 356 3189 hebraeo
368 3128 455 3206 hujus
465 3128 538 3188 libri
551 3128 684 3188 auditum
693 3129 795 3188 tuisse.

157 3216 191 3277 S.
204 3215 404 3294 Hieronymus
416 3216 585 3277 versionem
598 3214 734 3285 latinam,
749 3216 781 3274 in
793 3216 921 3295 Vulgata
934 3224 1098 3291 extantem,
1106 3220 1189 3299 juxta

120 3300 277 3382 exemplar
302 3300 490 3362 chaldaicum
513 3301 658 3372 coniecit,
680 3301 920 3378 existimavitque
940 3304 1056 3366 dibrmn
1081 3310 1189 3372 Judith

119 3390 328 3469 originetenus
340 3386 494 3449 chaldaico
506 3405 643 3450 sermone
664 3396 815 3449 exaratum
831 3390 930 3451 luisse.
943 3394 998 3453 Ast
1010 3395 1044 3455 id
1063 3397 1195 3462 minime·

122 3482 248 3539 mestar.
260 3473 418 3554 Exemplar
429 3474 459 3534 S.
473 3474 650 3554 Hieronymi
667 3477 764 3555 potuit
776 3493 841 3539 esse
854 3479 953 3539 versio
966 3487 1063 3543 textus
1075 3484 1186 3563 graeci3

118 3598 180 3649 teris
195 3597 255 3647 ilbrl
268 3595 362 3658 ronta,
372 3598 454 3647 saram
464 3611 535 3647 ssanae
549 3600 728 3649 constitutionis
741 3602 848 3663 physices
863 3602 937 3652 luisse
951 3609 1118 3670 supponenda,
1129 3623 1187 3662 con.

118 3668 221 3721 uriam
231 3670 297 3722 esse',
309 3682 402 3716 aecum
413 3682 467 3730 cap.
477 3670 507 3731 8,
517 3671 545 3732 5,
556 3670 742 3721 ubihsmodaeus
750 3672 776 3721 in
786 3675 887 3736 AEyypto
897 3675 1013 3736 religatus
1022 3678 1120 3743 dicitur,
1129 3695 1186 3733 con·

119 3736 199 3793 silleri
210 3737 279 3785 haud
288 3750 368 3798 posse.

146 3794 286 3857 lucrum
296 3808 334 3855 est
356 3808 450 3869 percipi
467 3820 517 3855 non
534 3820 604 3869 posse
618 3811 845 3871 quomodoqulnlus
868 3815 951 3864 sextus
965 3816 991 3864 et
1000 3817 1120 3877 septimus
1134 3835 1187 3871 ma-

144 3930 149 3939 ,
189 3876 278 3925 lenm
289 3876 317 3923 ln
326 3888 428 3925 uxorem
439 3879 529 3925 docere
539 3880 592 3925 ausi
607 3880 669 3940 sint,
680 3894 736 3928 cum
747 3880 837 3930 scirent
847 3884 941 3942 priores
952 3886 1051 3933 maritos
1061 3888 1111 3935 tom
1123 3890 1188 3940 intus

119 3872 272 4085 aaut:
280 3944 344 4063 ait&
352 3944 582 4065 pitdganrpuripopioate
593 3949 704 4008 periisse.
714 3950 745 4000 at
758 3952 831 4014 plura
845 3954 872 4005 in
882 3952 954 4014 praxi
964 3953 1120 4021 tantinum,
1132 3973 1187 4022 qun

119 4118 304 4187 rdfflhqlib.
315 4123 358 4185 ll,
369 4135 391 4173 e.
401 4122 444 4198 57],
455 4125 530 4181 Varro
539 4126 662 4181 uenatu.
