2708 4846
451 498 634 549 ttanonust
649 498 845 551 sactiones.
1148 493 1196 546 ild

110 605 175 656 rem
187 588 372 652 ederevisus
384 590 490 662 luerit;
504 591 654 652 subtraxit
664 608 776 672 nempe
786 608 854 672 quae
867 589 900 651 in
910 591 1052 653 versione
1061 591 1195 652 Alexan·

110 679 188 742 lrina
198 676 410 747 abundabant,
424 677 578 757 supplevit
590 694 658 755 quae
669 677 814 747 deerant,
828 685 861 738 et
872 678 1006 738 correxit
1015 694 1082 759 quae
1093 677 1193 737 minsis

110 773 287 830 weversa
299 764 346 823 ilii
358 763 553 825 videbantur.

136 852 272 914 Videtur
285 850 480 911 Theodotion
503 849 583 911 hanc
596 849 769 911 versionem
783 850 951 932 incepisse,
967 859 1001 911 ut
1019 851 1081 913 suis
1096 851 1192 914 Ebio-

110 940 176 1003 ritis
192 939 226 1000 in
240 937 462 1000 controversiis
470 954 541 998 cum
554 936 670 998 tudaeis
688 936 841 998 indicaret
859 938 933 1015 quid
952 945 1033 999 esset
1051 940 1084 998 in
1106 946 1192 1000 textu

110 1024 241 1087 hebraea

137 1109 301 1188 Origenes·
315 1106 488 1167 versionem
512 1105 753 1168 Alexandrinam
773 1107 904 1167 maxime
930 1106 1016 1184 justa
1047 1107 1191 1170 Theodo-

110 1194 197 1257 iionis
208 1193 382 1256 versionem
398 1193 541 1253 correxit.
563 1191 673 1252 versio
686 1191 824 1253 Danielis
843 1192 1064 1255 'theodotionis
1082 1195 1115 1253 in
1127 1201 1191 1255 tots

110 1278 240 1344 Ecclesia
252 1295 352 1359 graeca
361 1285 484 1356 recepta
495 1278 562 1338 init.
573 1277 726 1339 Caeterum
736 1279 857 1339 nonnisi
866 1278 1033 1358 fragmenta
1043 1281 1191 1343 versionis

110 1365 324 1429 lheodoiionis
334 1363 495 1425 habentur.
511 1363 542 1425 S.
553 1363 742 1442 Epiphanius
753 1364 840 1442 plura
854 1365 1130 1440 deTheotiolione,
1144 1369 1190 1429 uti

110 1451 187 1515 etde
197 1450 379 1531 Symmacho
389 1493 399 1520 ,
409 1449 520 1521 refert,
534 1466 601 1527 quaa
615 1449 690 1510 viris
701 1449 816 1510 criticis
831 1449 912 1511 haud
925 1452 1103 1529 probantur.

247 1584 407 1656 §xxia-De
416 1585 579 1636 versionibus
589 1586 674 1648 prucis
683 1586 784 1648 Quinta,
794 1585 870 1636 Senia
880 1589 907 1638 et
917 1587 1037 1649 Septima.

138 1712 214 1771 iiid-
225 1711 342 1772 Praeter
358 1714 488 1787 quatuor
500 1707 657 1768 versiones
675 1723 790 1785 graecas
807 1715 906 1770 textus
917 1710 1050 1783 hebraei,
1068 1729 1100 1773 n.
1118 1711 1190 1774 ttae-

110 1790 160 1857 tet
170 1792 353 1863 recensitas,
366 1791 533 1852 extiterunt
542 1789 641 1850 adhuc
654 1797 790 1868 tempore
804 1791 947 1869 Origenis
960 1800 1022 1853 tres
1044 1794 1111 1854 alia
1122 1812 1190 1856 ver.

110 1883 205 1945 dones
215 1894 323 1961 grecae
334 1886 434 1939 testas
446 1875 598 1947 hebraici,
613 1877 652 1938 ab
670 1877 841 1938 auctoribus
856 1880 1015 1957 anonymis
1027 1882 1189 1960 coniectae,

110 1967 314 2050 montinio,
331 1965 438 2034 Sexta,
459 1971 492 2025 et
514 1963 665 2041 Septima,
687 1971 869 2041 nuncupatae
892 1963 1013 2027 fuerumt
1029 1985 1047 2028 a
1063 1987 1189 2034 numero

110 2054 312 2133 columnarum
322 2095 330 2123 ,
345 2067 437 2129 quem
449 2049 481 2109 in
493 2049 639 2129 Hexapiis
651 2048 794 2125 origenis
809 2059 1004 2126 occuparunt.
1024 2056 1191 2118 Auctorem

110 2143 203 2203 iexiae
216 2137 369 2200 versionis
378 2135 574 2198 christianum
586 2134 694 2207 luisse,
710 2151 748 2195 ex
764 2135 831 2212 ejus
842 2139 983 2199 versione
995 2140 1028 2200 in
1046 2142 1190 2205 llabacuc

110 2225 236 2301 l,iii,li
278 2231 320 2286 et.

139 2243 291 2375 Auctoqrgs
311 2307 419 2369 harmn
440 2306 616 2368 versionum
640 2304 784 2367 videntur
809 2324 879 2368 suos
901 2326 958 2388 pro
975 2316 1191 2377 controversiis

110 2399 235 2463 edocere
246 2395 381 2460 voluisse
394 2411 462 2474 quse
475 2393 508 2453 in
520 2399 605 2453 textu
616 2391 763 2453 hebraico
775 2392 955 2456 habeantur.

137 2488 234 2551 Erunt
241 2482 554 2565 porrohssvsrsionss
561 2481 692 2559 origeni
700 2481 870 2543 anteriores
881 2483 1194 2565 etiiberiuspcractae.

110 2574 312 2641 manebant
330 2586 436 2632 omnes
453 2575 516 2629 tres
533 2568 667 2629 Psalmos
685 2575 716 2628 et
731 2568 899 2647 Prophetas
914 2571 1063 2645 minores;
1078 2576 1191 2653 Quinta

110 2670 137 2727 et
161 2663 255 2725 &aa
276 2659 402 2739 insuper
424 2654 664 2718 Pentateuchum
695 2671 730 2717 ac
752 2655 912 2718 Canticum
936 2660 1138 2736 canticorum,
1160 2677 1191 2726 et

110 2749 240 2833 ispiima
255 2762 292 2809 sc
307 2744 423 2824 Quia
439 2743 515 2805 duos
531 2741 627 2802 libros
645 2743 763 2818 iicgnnu
787 2758 887 2821 grace
910 2743 1046 2806 redditos
1065 2748 1191 2812 exhibe-

110 2837 186 2900 haut.
198 2834 383 2913 Fragmenta
390 2845 495 2893 sanun
506 2826 627 2890 invenit
635 2826 759 2889 Parisiis
768 2828 805 2888 1).
815 2828 913 2890 Bruns
925 2829 958 2889 in
965 2829 1080 2893 Codice
1090 2834 1192 2896 Hexa-

110 2917 328 3004 piariSyrisco.

372 3048 390 3119 3
403 3049 628 3112 xxm-retrone
639 3049 666 3099 ei
675 3049 788 3112 iiexapia
798 3047 918 3113 origenis.

136 3182 214 3247 Aac·
224 3180 301 3247 Cum
315 3178 414 3241 iudaei
428 3175 625 3249 Christianis,
640 3179 826 3260 Scripturam
841 3195 958 3239 sacram
969 3180 1056 3258 Juxta
1071 3183 1189 3245 versio·

110 3266 268 3333 renam
279 3267 482 3344 interpretum
491 3263 713 3341 adlegantibus
732 3265 902 3343 objicerent
918 3264 997 3328 hanc
1015 3270 1187 3332 versionem

110 3350 348 3419 riniuhebraeo
357 3350 1070 3431 dissentire,Origenes*versionesgraecas‚de
1079 3356 1188 3434 quibus

129 3492 272 3563 ‘origem
280 3507 348 3545 suno
358 3495 403 3544 tiitt
413 3506 468 3545 ersa
475 3493 586 3556 vulgaris
596 3492 751 3543 Alexandria
760 3493 788 3542 in
797 3494 898 3557 AEgypio
905 3498 976 3556 patre
986 3497 1095 3548 Leonida
1106 3500 1188 3561 natus,

110 3568 308 3633 Antandrium
318 3566 430 3617 laborem
439 3566 617 3617 Adnmauiinus
630 3568 801 3627 nuncupatus,
818 3568 914 3629 ingenii
929 3581 958 3616 ac
973 3570 1120 3619 eruditionis
1131 3584 1189 3632 por-

110 3640 216 3703 m,
230 3638 260 3689 el
272 3636 343 3686 iuter
351 3636 464 3687 doctores
474 3637 568 3686 veteris
584 3637 698 3685 Ecclesiae
709 3636 783 3684 facilc
794 3637 909 3698 princeps
919 3637 976 3686 inii.
987 3639 1065 3688 Tanta
1075 3652 1089 3686 a
1100 3641 1186 3688 tenera

110 3702 384 3771 mplehiisindiels
391 3705 480 3767 edidit,
490 3708 518 3755 nt
526 3707 597 3767 pater
606 3704 659 3763 eins
667 3705 813 3753 dormientis
819 3705 1036 3767 detectumpectns
1043 3720 1108 3768 sepe
1115 3721 1189 3757 exos·

110 3776 373 3841 *cinnamum
381 3774 544 3825 inhabitantis
552 3775 658 3837 Spiritus
665 3774 744 3823 sancii
752 3774 882 3835 tempium.
890 3776 949 3822 (lum
957 3777 1052 3836 patrem
1063 3790 1145 3838 suum,
1155 3778 1187 3826 ob

110 3842 347 3899 hhmrem
353 3842 501 3906 coniectum,
508 3844 576 3893 adira
584 3844 649 3893 haud
656 3843 965 3906 possetteiectnvesttum,
976 3856 1036 3904 quas
1046 3845 1101 3902 ejus
1108 3848 1189 3895 maier

110 3912 281 3977 mi,
291 3924 327 3963 ne
338 3924 365 3962 sc
375 3913 573 3975 persecutoribus
582 3914 647 3962 nino
659 3914 771 3972 offerret,
782 3925 840 3961 enm
855 3912 953 3973 egregia
965 3914 1069 3973 epistola
1080 3914 1111 3963 ad
1122 3927 1189 3964 uror·

110 3983 318 4047 'hmine
326 3982 375 4031 sel.
384 3982 488 4031 Decimo
498 3983 602 4044 septimo
612 3983 690 4031 etatis
700 3993 765 4030 anno
772 3982 843 4042 patre
852 3982 960 4041 orbatus,
971 3984 997 4030 et
1006 3994 1063 4030 com
1074 3984 1153 4032 maire
1162 3986 1189 4035 et

110 4062 143 4105 11
154 4052 281 4107 fflus
291 4050 356 4100 nm
371 4050 507 4101 minoribus
517 4050 548 4100 ad
563 4053 701 4100 extremam
721 4050 867 4113 pauperiem
885 4050 1011 4112 redactus,
1031 4063 1045 4099 a
1061 4052 1140 4100 nobili
1158 4064 1188 4102 ac

110 4118 440 4177 mantuensem
451 4119 478 4170 iu
488 4119 588 4171 domurn
595 4122 711 4183 receptus
718 4120 781 4181 luit3
792 4121 818 4170 ai
827 4119 875 4169 sibi
884 4132 932 4182 quo
942 4119 1039 4170 vivcrci
1047 4125 1188 4185 paraturus
