<?xml version="1.0" encoding="UTF-8"?>
<!DOCTYPE html PUBLIC "-//W3C//DTD XHTML 1.0 Transitional//EN"
    "http://www.w3.org/TR/xhtml1/DTD/xhtml1-transitional.dtd">
<html xmlns="http://www.w3.org/1999/xhtml" xml:lang="en" lang="en">
 <head>
  <title>
</title>
<meta http-equiv="Content-Type" content="text/html;charset=utf-8" />
  <meta name='ocr-system' content='tesseract 3.04.00' />
  <meta name='ocr-capabilities' content='ocr_page ocr_carea ocr_par ocr_line ocrx_word'/>
</head>
<body>
  <div class='ocr_page' id='page_1' title='image "./hermeneuticasac00jansgoog_0266.png"; bbox 0 0 2716 4838; ppageno 0'>
   <div class='ocr_carea' id='block_1_1' title="bbox 99 453 1177 651">
    <p class='ocr_par' dir='ltr' id='par_1_1' title="bbox 99 453 1177 651">
     <span class='ocr_line' id='line_1_1' title="bbox 450 453 1177 506; baseline 0.003 -3"><span class='ocrx_word' id='word_1_1' title='bbox 450 453 642 505; x_wconf 80' lang='lat' dir='ltr'><strong>tlnnottulr</strong></span> <span class='ocrx_word' id='word_1_2' title='bbox 657 454 859 505; x_wconf 77' lang='lat' dir='ltr'><strong>stcltoltull.</strong></span> <span class='ocrx_word' id='word_1_3' title='bbox 1131 454 1177 506; x_wconf 67' lang='lat' dir='ltr'><strong>hild</strong></span> 
     </span>
     <span class='ocr_line' id='line_1_2' title="bbox 99 546 1150 651; baseline 0 -15"><span class='ocrx_word' id='word_1_4' title='bbox 99 546 131 649; x_wconf 51' lang='grc' dir='ltr'>ς</span> <span class='ocrx_word' id='word_1_5' title='bbox 155 584 245 636; x_wconf 77' lang='lat' dir='ltr'><strong>(lm.</strong></span> <span class='ocrx_word' id='word_1_6' title='bbox 256 580 289 623; x_wconf 77' lang='grc'><strong>’-</strong></span> <span class='ocrx_word' id='word_1_7' title='bbox 297 582 490 651; x_wconf 57' lang='grc' dir='ltr'><strong>Δηιιωειιῐιιωῖ,</strong></span> <span class='ocrx_word' id='word_1_8' title='bbox 499 586 597 649; x_wconf 73' lang='lat' dir='ltr'><strong>linqua,</strong></span> <span class='ocrx_word' id='word_1_9' title='bbox 610 586 715 637; x_wconf 77' lang='lat' dir='ltr'><strong>elocutio</strong></span> <span class='ocrx_word' id='word_1_10' title='bbox 726 600 755 637; x_wconf 85' lang='lat' dir='ltr'><strong>ac</strong></span> <span class='ocrx_word' id='word_1_11' title='bbox 765 587 825 636; x_wconf 87' lang='lat' dir='ltr'><strong>ordo</strong></span> <span class='ocrx_word' id='word_1_12' title='bbox 833 584 1018 650; x_wconf 72' lang='lat' dir='ltr'><strong>prophetiarum</strong></span> <span class='ocrx_word' id='word_1_13' title='bbox 1027 582 1150 636; x_wconf 78' lang='lat' dir='ltr'><strong>leremlae.</strong></span> 
     </span>
    </p>
   </div>
   <div class='ocr_carea' id='block_1_2' title="bbox 120 706 1177 789">
    <p class='ocr_par' dir='ltr' id='par_1_2' title="bbox 120 706 1177 789">
     <span class='ocr_line' id='line_1_3' title="bbox 120 706 1177 789; baseline 0.009 -28"><span class='ocrx_word' id='word_1_14' title='bbox 120 706 204 769; x_wconf 65' lang='lat' dir='ltr'><strong>abt.</strong></span> <span class='ocrx_word' id='word_1_15' title='bbox 216 707 401 788; x_wconf 82' lang='lat' dir='ltr'><strong>multiplicia</strong></span> <span class='ocrx_word' id='word_1_16' title='bbox 411 709 431 767; x_wconf 88' lang='lat' dir='ltr'>J</span> <span class='ocrx_word' id='word_1_17' title='bbox 433 709 556 770; x_wconf 80' lang='lat' dir='ltr'><strong>eramiae</strong></span> <span class='ocrx_word' id='word_1_18' title='bbox 567 709 713 771; x_wconf 82' lang='lat' dir='ltr'><strong>vaticinia</strong></span> <span class='ocrx_word' id='word_1_19' title='bbox 725 710 893 789; x_wconf 84' lang='lat' dir='ltr'><strong>respiciunt</strong></span> <span class='ocrx_word' id='word_1_20' title='bbox 904 716 967 771; x_wconf 76' lang='lat' dir='ltr'><strong>trun</strong></span> <span class='ocrx_word' id='word_1_21' title='bbox 978 709 1101 771; x_wconf 81' lang='lat' dir='ltr'><strong>ludaeos</strong></span> <span class='ocrx_word' id='word_1_22' title='bbox 1112 714 1177 770; x_wconf 82' lang='lat' dir='ltr'><strong>unu</strong></span> 
     </span>
    </p>
   </div>
   <div class='ocr_carea' id='block_1_3' title="bbox 69 796 1175 963">
    <p class='ocr_par' dir='ltr' id='par_1_3' title="bbox 69 796 1175 963">
     <span class='ocr_line' id='line_1_4' title="bbox 69 796 458 879; baseline 0 -21"><span class='ocrx_word' id='word_1_23' title='bbox 69 796 365 875; x_wconf 76' lang='lat' dir='ltr'><strong>populosexteros.</strong></span> <span class='ocrx_word' id='word_1_24' title='bbox 455 875 458 879; x_wconf 19' lang='lat'>¹</span> 
     </span>
     <span class='ocr_line' id='line_1_5' title="bbox 119 880 1175 963; baseline 0.002 -20"><span class='ocrx_word' id='word_1_25' title='bbox 119 880 274 943; x_wconf 86' lang='lat' dir='ltr'><strong>Praedioit</strong></span> <span class='ocrx_word' id='word_1_26' title='bbox 295 882 444 943; x_wconf 76' lang='lat' dir='ltr'><strong>ieremias</strong></span> <span class='ocrx_word' id='word_1_27' title='bbox 467 882 581 944; x_wconf 84' lang='lat' dir='ltr'><strong>Judaeis</strong></span> <span class='ocrx_word' id='word_1_28' title='bbox 605 884 796 943; x_wconf 85' lang='lat' dir='ltr'><strong>eversionem</strong></span> <span class='ocrx_word' id='word_1_29' title='bbox 813 884 903 963; x_wconf 77' lang='lat' dir='ltr'><strong>regni</strong></span> <span class='ocrx_word' id='word_1_30' title='bbox 915 884 1015 956; x_wconf 78' lang='lat' dir='ltr'><strong>tudae,</strong></span> <span class='ocrx_word' id='word_1_31' title='bbox 1030 884 1175 947; x_wconf 86' lang='lat' dir='ltr'><strong>Hieroso-</strong></span> 
     </span>
    </p>
   </div>
   <div class='ocr_carea' id='block_1_4' title="bbox 67 959 1175 1049">
    <p class='ocr_par' dir='ltr' id='par_1_4' title="bbox 67 959 1175 1049">
     <span class='ocr_line' id='line_1_6' title="bbox 67 959 1175 1049; baseline 0.002 -21"><span class='ocrx_word' id='word_1_32' title='bbox 67 959 181 1040; x_wconf 75' lang='lat' dir='ltr'><strong>lymam</strong></span> <span class='ocrx_word' id='word_1_33' title='bbox 201 984 238 1029; x_wconf 88' lang='lat' dir='ltr'><strong>ae</strong></span> <span class='ocrx_word' id='word_1_34' title='bbox 257 967 363 1047; x_wconf 88' lang='lat' dir='ltr'><strong>templi</strong></span> <span class='ocrx_word' id='word_1_35' title='bbox 378 968 512 1039; x_wconf 89' lang='lat' dir='ltr'><strong>ruinam,</strong></span> <span class='ocrx_word' id='word_1_36' title='bbox 527 969 734 1049; x_wconf 85' lang='lat' dir='ltr'><strong>captivitatem</strong></span> <span class='ocrx_word' id='word_1_37' title='bbox 744 970 782 1030; x_wconf 85' lang='lat'><strong>70</strong></span> <span class='ocrx_word' id='word_1_38' title='bbox 795 987 941 1030; x_wconf 91' lang='lat' dir='ltr'><strong>annorum</strong></span> <span class='ocrx_word' id='word_1_39' title='bbox 954 969 1031 1049; x_wconf 90' lang='lat' dir='ltr'><strong>apud</strong></span> <span class='ocrx_word' id='word_1_40' title='bbox 1045 970 1175 1049; x_wconf 88' lang='lat' dir='ltr'><strong>Babylo·</strong></span> 
     </span>
    </p>
   </div>
   <div class='ocr_carea' id='block_1_5' title="bbox 10 1051 1176 2680">
    <p class='ocr_par' dir='ltr' id='par_1_5' title="bbox 10 1051 1176 2426">
     <span class='ocr_line' id='line_1_7' title="bbox 67 1051 1176 1135; baseline 0.005 -24"><span class='ocrx_word' id='word_1_41' title='bbox 67 1052 160 1115; x_wconf 82' lang='lat' dir='ltr'><strong>mios</strong></span> <span class='ocrx_word' id='word_1_42' title='bbox 182 1053 251 1128; x_wconf 68' lang='grc'><strong>(95,</strong></span> <span class='ocrx_word' id='word_1_43' title='bbox 273 1051 393 1130; x_wconf 57' lang='lat' dir='ltr'><strong>lter),</strong></span> <span class='ocrx_word' id='word_1_44' title='bbox 419 1054 552 1114; x_wconf 87' lang='lat' dir='ltr'><strong>reditum</strong></span> <span class='ocrx_word' id='word_1_45' title='bbox 574 1072 613 1114; x_wconf 81' lang='lat' dir='ltr'><strong>cr</strong></span> <span class='ocrx_word' id='word_1_46' title='bbox 635 1054 692 1116; x_wconf 90' lang='lat' dir='ltr'><strong>hac</strong></span> <span class='ocrx_word' id='word_1_47' title='bbox 715 1055 908 1135; x_wconf 90' lang='lat' dir='ltr'><strong>captivitate,</strong></span> <span class='ocrx_word' id='word_1_48' title='bbox 928 1056 1176 1117; x_wconf 75' lang='lat' dir='ltr'><strong>restaurationem</strong></span> 
     </span>
     <span class='ocr_line' id='line_1_8' title="bbox 67 1136 935 1219; baseline 0.003 -19"><span class='ocrx_word' id='word_1_49' title='bbox 67 1136 316 1219; x_wconf 69' lang='lat' dir='ltr'><strong>Hierosolyma</strong></span> <span class='ocrx_word' id='word_1_50' title='bbox 328 1157 364 1202; x_wconf 90' lang='lat' dir='ltr'><strong>ae</strong></span> <span class='ocrx_word' id='word_1_51' title='bbox 376 1139 499 1219; x_wconf 89' lang='lat' dir='ltr'><strong>templi,</strong></span> <span class='ocrx_word' id='word_1_52' title='bbox 513 1148 545 1200; x_wconf 91' lang='lat' dir='ltr'><strong>et</strong></span> <span class='ocrx_word' id='word_1_53' title='bbox 556 1140 734 1202; x_wconf 75' lang='lat' dir='ltr'><strong>felicitatem</strong></span> <span class='ocrx_word' id='word_1_54' title='bbox 747 1142 802 1202; x_wconf 93' lang='lat' dir='ltr'><strong>suh</strong></span> <span class='ocrx_word' id='word_1_55' title='bbox 814 1143 935 1203; x_wconf 85' lang='lat' dir='ltr'><strong>blessia.</strong></span> 
     </span>
     <span class='ocr_line' id='line_1_9' title="bbox 10 1192 1174 1333; baseline -0.001 -44"><span class='ocrx_word' id='word_1_56' title='bbox 10 1192 13 1333; x_wconf 45' lang='lat' dir='ltr'><strong>i</strong></span> <span class='ocrx_word' id='word_1_57' title='bbox 123 1228 251 1289; x_wconf 80' lang='lat' dir='ltr'><strong>Sortem</strong></span> <span class='ocrx_word' id='word_1_58' title='bbox 275 1243 360 1287; x_wconf 88' lang='lat' dir='ltr'><strong>suam</strong></span> <span class='ocrx_word' id='word_1_59' title='bbox 385 1226 568 1305; x_wconf 88' lang='lat' dir='ltr'><strong>praenuntiat</strong></span> <span class='ocrx_word' id='word_1_60' title='bbox 591 1228 762 1306; x_wconf 79' lang='lat' dir='ltr'><strong>AEgyptiis,</strong></span> <span class='ocrx_word' id='word_1_61' title='bbox 787 1227 983 1299; x_wconf 81' lang='lat' dir='ltr'><strong>Ammonitis,</strong></span> <span class='ocrx_word' id='word_1_62' title='bbox 1006 1228 1174 1300; x_wconf 83' lang='lat' dir='ltr'><strong>Arahibus,</strong></span> 
     </span>
     <span class='ocr_line' id='line_1_10' title="bbox 66 1307 1174 1392; baseline 0.002 -19"><span class='ocrx_word' id='word_1_63' title='bbox 66 1307 246 1387; x_wconf 77' lang='lat' dir='ltr'><strong>Eiumitis,</strong></span> <span class='ocrx_word' id='word_1_64' title='bbox 257 1313 413 1382; x_wconf 85' lang='lat' dir='ltr'><strong>idumaeis,</strong></span> <span class='ocrx_word' id='word_1_65' title='bbox 424 1312 577 1383; x_wconf 89' lang='lat' dir='ltr'><strong>bloahitis,</strong></span> <span class='ocrx_word' id='word_1_66' title='bbox 586 1312 779 1385; x_wconf 74' lang='lat' dir='ltr'><strong>philisthaeis,</strong></span> <span class='ocrx_word' id='word_1_67' title='bbox 789 1313 933 1373; x_wconf 82' lang='lat' dir='ltr'><strong>Damasco</strong></span> <span class='ocrx_word' id='word_1_68' title='bbox 948 1322 979 1373; x_wconf 92' lang='lat' dir='ltr'><strong>et</strong></span> <span class='ocrx_word' id='word_1_69' title='bbox 989 1314 1174 1392; x_wconf 80' lang='lat' dir='ltr'><strong>Babyloniis.</strong></span> 
     </span>
     <span class='ocr_line' id='line_1_11' title="bbox 67 1398 1176 1479; baseline 0.004 -20"><span class='ocrx_word' id='word_1_70' title='bbox 67 1398 259 1463; x_wconf 77' lang='lat' dir='ltr'><strong>subversio</strong></span> <span class='ocrx_word' id='word_1_71' title='bbox 279 1400 462 1461; x_wconf 89' lang='lat' dir='ltr'><strong>monarchiae</strong></span> <span class='ocrx_word' id='word_1_72' title='bbox 484 1400 675 1478; x_wconf 84' lang='lat' dir='ltr'><strong>babylonicae</strong></span> <span class='ocrx_word' id='word_1_73' title='bbox 697 1417 766 1461; x_wconf 91' lang='lat' dir='ltr'><strong>eum</strong></span> <span class='ocrx_word' id='word_1_74' title='bbox 784 1400 924 1461; x_wconf 91' lang='lat' dir='ltr'><strong>omnibus</strong></span> <span class='ocrx_word' id='word_1_75' title='bbox 943 1401 1004 1462; x_wconf 91' lang='lat' dir='ltr'><strong>suis</strong></span> <span class='ocrx_word' id='word_1_76' title='bbox 1025 1400 1176 1479; x_wconf 80' lang='lat' dir='ltr'><strong>adjunctis</strong></span> 
     </span>
     <span class='ocr_line' id='line_1_12' title="bbox 67 1485 539 1567; baseline 0 -20"><span class='ocrx_word' id='word_1_77' title='bbox 67 1485 268 1561; x_wconf 81' lang='lat' dir='ltr'><strong>praedicitur</strong></span> <span class='ocrx_word' id='word_1_78' title='bbox 280 1485 329 1561; x_wconf 88' lang='lat' dir='ltr'><strong>(c.</strong></span> <span class='ocrx_word' id='word_1_79' title='bbox 342 1486 380 1546; x_wconf 77' lang='grc'><strong>50</strong></span> <span class='ocrx_word' id='word_1_80' title='bbox 392 1493 423 1545; x_wconf 90' lang='lat' dir='ltr'><strong>et</strong></span> <span class='ocrx_word' id='word_1_81' title='bbox 436 1503 464 1546; x_wconf 84' lang='lat' dir='ltr'><strong>r.</strong></span> <span class='ocrx_word' id='word_1_82' title='bbox 475 1486 507 1545; x_wconf 76' lang='lat' dir='ltr'><strong>al</strong></span> <span class='ocrx_word' id='word_1_83' title='bbox 517 1487 539 1567; x_wconf 91' lang='lat'><strong>).</strong></span> 
     </span>
     <span class='ocr_line' id='line_1_13' title="bbox 124 1571 1174 1653; baseline 0.001 -20"><span class='ocrx_word' id='word_1_84' title='bbox 124 1572 261 1634; x_wconf 82' lang='lat' dir='ltr'><strong>Dictavit</strong></span> <span class='ocrx_word' id='word_1_85' title='bbox 278 1571 427 1633; x_wconf 89' lang='lat' dir='ltr'><strong>Jeremias</strong></span> <span class='ocrx_word' id='word_1_86' title='bbox 443 1588 496 1632; x_wconf 90' lang='lat' dir='ltr'><strong>sua</strong></span> <span class='ocrx_word' id='word_1_87' title='bbox 507 1572 651 1633; x_wconf 90' lang='lat' dir='ltr'><strong>vaticinia</strong></span> <span class='ocrx_word' id='word_1_88' title='bbox 659 1572 840 1648; x_wconf 72' lang='lat' dir='ltr'><strong>lamanmnsi</strong></span> <span class='ocrx_word' id='word_1_89' title='bbox 855 1572 973 1634; x_wconf 89' lang='lat' dir='ltr'><strong>Baruch</strong></span> <span class='ocrx_word' id='word_1_90' title='bbox 986 1574 1029 1651; x_wconf 89' lang='lat' dir='ltr'><strong>(c.</strong></span> <span class='ocrx_word' id='word_1_91' title='bbox 1046 1573 1101 1653; x_wconf 79' lang='lat'><strong>56)</strong></span> <span class='ocrx_word' id='word_1_92' title='bbox 1114 1574 1174 1634; x_wconf 93' lang='lat' dir='ltr'><strong>lin-</strong></span> 
     </span>
     <span class='ocr_line' id='line_1_14' title="bbox 64 1656 1171 1737; baseline 0.002 -20"><span class='ocrx_word' id='word_1_93' title='bbox 64 1670 150 1736; x_wconf 76' lang='lat' dir='ltr'><strong>gua</strong></span> <span class='ocrx_word' id='word_1_94' title='bbox 167 1656 330 1730; x_wconf 87' lang='lat' dir='ltr'><strong>hebraica,</strong></span> <span class='ocrx_word' id='word_1_95' title='bbox 351 1656 454 1719; x_wconf 89' lang='lat' dir='ltr'><strong>verbis</strong></span> <span class='ocrx_word' id='word_1_96' title='bbox 471 1658 708 1737; x_wconf 86' lang='lat' dir='ltr'><strong>notioribusque</strong></span> <span class='ocrx_word' id='word_1_97' title='bbox 721 1658 885 1720; x_wconf 84' lang='lat' dir='ltr'><strong>chaldaicis</strong></span> <span class='ocrx_word' id='word_1_98' title='bbox 897 1660 1000 1721; x_wconf 80' lang='lat' dir='ltr'><strong>mixta.</strong></span> <span class='ocrx_word' id='word_1_99' title='bbox 1013 1661 1125 1721; x_wconf 86' lang='lat' dir='ltr'><strong>Versus</strong></span> <span class='ocrx_word' id='word_1_100' title='bbox 1138 1660 1171 1719; x_wconf 88' lang='lat' dir='ltr'><strong>ll</strong></span> 
     </span>
     <span class='ocr_line' id='line_1_15' title="bbox 64 1744 582 1825; baseline 0.004 -21"><span class='ocrx_word' id='word_1_101' title='bbox 64 1760 160 1825; x_wconf 74' lang='lat' dir='ltr'><strong>cap.</strong></span> <span class='ocrx_word' id='word_1_102' title='bbox 171 1745 209 1807; x_wconf 89' lang='lat' dir='ltr'><strong>lo</strong></span> <span class='ocrx_word' id='word_1_103' title='bbox 220 1744 351 1824; x_wconf 87' lang='lat' dir='ltr'><strong>scriptus</strong></span> <span class='ocrx_word' id='word_1_104' title='bbox 361 1744 582 1806; x_wconf 87' lang='lat' dir='ltr'><strong>estchalda&#39;ice.</strong></span> 
     </span>
     <span class='ocr_line' id='line_1_16' title="bbox 133 1829 1173 1911; baseline 0 -19"><span class='ocrx_word' id='word_1_105' title='bbox 133 1832 230 1911; x_wconf 78' lang='lat' dir='ltr'><strong>stylus</strong></span> <span class='ocrx_word' id='word_1_106' title='bbox 250 1831 395 1892; x_wconf 75' lang='lat' dir='ltr'><strong>aeremia</strong></span> <span class='ocrx_word' id='word_1_107' title='bbox 416 1837 464 1892; x_wconf 89' lang='lat' dir='ltr'><strong>est</strong></span> <span class='ocrx_word' id='word_1_108' title='bbox 484 1831 613 1909; x_wconf 85' lang='lat' dir='ltr'><strong>simplex</strong></span> <span class='ocrx_word' id='word_1_109' title='bbox 634 1836 665 1890; x_wconf 89' lang='lat' dir='ltr'><strong>ct</strong></span> <span class='ocrx_word' id='word_1_110' title='bbox 685 1830 798 1901; x_wconf 80' lang='lat' dir='ltr'><strong>facilis,</strong></span> <span class='ocrx_word' id='word_1_111' title='bbox 812 1829 885 1890; x_wconf 90' lang='lat' dir='ltr'><strong>hine</strong></span> <span class='ocrx_word' id='word_1_112' title='bbox 903 1830 975 1890; x_wconf 93' lang='lat' dir='ltr'><strong>inde</strong></span> <span class='ocrx_word' id='word_1_113' title='bbox 994 1837 1094 1890; x_wconf 88' lang='lat' dir='ltr'><strong>autem</strong></span> <span class='ocrx_word' id='word_1_114' title='bbox 1110 1832 1173 1893; x_wconf 88' lang='lat' dir='ltr'><strong>vim</strong></span> 
     </span>
     <span class='ocr_line' id='line_1_17' title="bbox 59 1914 1174 1993; baseline -0.003 -14"><span class='ocrx_word' id='word_1_115' title='bbox 59 1916 244 1993; x_wconf 78' lang='lat' dir='ltr'><strong>poetieam</strong></span> <span class='ocrx_word' id='word_1_116' title='bbox 258 1915 363 1978; x_wconf 87' lang='lat' dir='ltr'><strong>habet.</strong></span> <span class='ocrx_word' id='word_1_117' title='bbox 382 1917 413 1977; x_wconf 88' lang='lat' dir='ltr'><strong>S.</strong></span> <span class='ocrx_word' id='word_1_118' title='bbox 430 1916 633 1992; x_wconf 85' lang='lat' dir='ltr'><strong>Hieronymus</strong></span> <span class='ocrx_word' id='word_1_119' title='bbox 650 1915 689 1976; x_wconf 93' lang='lat' dir='ltr'><strong>de</strong></span> <span class='ocrx_word' id='word_1_120' title='bbox 703 1916 721 1973; x_wconf 89' lang='lat' dir='ltr'>J</span> <span class='ocrx_word' id='word_1_121' title='bbox 724 1914 837 1975; x_wconf 88' lang='lat' dir='ltr'><strong>cremia</strong></span> <span class='ocrx_word' id='word_1_122' title='bbox 851 1916 914 1974; x_wconf 89' lang='lat' dir='ltr'><strong>ait:</strong></span> <span class='ocrx_word' id='word_1_123' title='bbox 930 1915 1018 1990; x_wconf 86' lang='lat' dir='ltr'><strong>«Qui</strong></span> <span class='ocrx_word' id='word_1_124' title='bbox 1031 1923 1174 1992; x_wconf 88' lang='lat' dir='ltr'><strong>qnantum</strong></span> 
     </span>
     <span class='ocr_line' id='line_1_18' title="bbox 58 1998 1173 2080; baseline -0.001 -16"><span class='ocrx_word' id='word_1_125' title='bbox 58 2015 97 2055; x_wconf 81' lang='lat'><strong>²·</strong></span> <span class='ocrx_word' id='word_1_126' title='bbox 131 2001 161 2063; x_wconf 91' lang='lat' dir='ltr'><strong>in</strong></span> <span class='ocrx_word' id='word_1_127' title='bbox 180 2002 285 2064; x_wconf 87' lang='lat' dir='ltr'><strong>verbis</strong></span> <span class='ocrx_word' id='word_1_128' title='bbox 303 2001 433 2080; x_wconf 75' lang='lat' dir='ltr'><strong>simplex</strong></span> <span class='ocrx_word' id='word_1_129' title='bbox 451 2001 572 2063; x_wconf 88' lang='lat' dir='ltr'><strong>videtur</strong></span> <span class='ocrx_word' id='word_1_130' title='bbox 585 2007 617 2060; x_wconf 92' lang='lat' dir='ltr'><strong>et</strong></span> <span class='ocrx_word' id='word_1_131' title='bbox 631 2000 745 2072; x_wconf 78' lang='lat' dir='ltr'><strong>facilis,</strong></span> <span class='ocrx_word' id='word_1_132' title='bbox 758 2008 873 2060; x_wconf 91' lang='lat' dir='ltr'><strong>tantum</strong></span> <span class='ocrx_word' id='word_1_133' title='bbox 883 2000 916 2059; x_wconf 94' lang='lat' dir='ltr'><strong>in</strong></span> <span class='ocrx_word' id='word_1_134' title='bbox 933 1998 1087 2077; x_wconf 76' lang='lat' dir='ltr'><strong>maiestate</strong></span> <span class='ocrx_word' id='word_1_135' title='bbox 1103 2019 1173 2063; x_wconf 90' lang='lat' dir='ltr'><strong>sen-</strong></span> 
     </span>
     <span class='ocr_line' id='line_1_19' title="bbox 58 2088 584 2170; baseline -0.015 -20"><span class='ocrx_word' id='word_1_136' title='bbox 58 2100 99 2138; x_wconf 66' lang='lat'><strong>»</strong></span> <span class='ocrx_word' id='word_1_137' title='bbox 128 2088 470 2170; x_wconf 87' lang='lat' dir='ltr'><strong>sumuprolundissimus</strong></span> <span class='ocrx_word' id='word_1_138' title='bbox 480 2095 555 2148; x_wconf 84' lang='lat' dir='ltr'><strong>est1.</strong></span> <span class='ocrx_word' id='word_1_139' title='bbox 569 2108 584 2142; x_wconf 83' lang='lat' dir='ltr'><strong>n</strong></span> 
     </span>
     <span class='ocr_line' id='line_1_20' title="bbox 137 2171 1171 2255; baseline 0.001 -20"><span class='ocrx_word' id='word_1_140' title='bbox 137 2173 304 2255; x_wconf 80' lang='lat' dir='ltr'><strong>Prophetiae</strong></span> <span class='ocrx_word' id='word_1_141' title='bbox 324 2174 467 2234; x_wconf 88' lang='lat' dir='ltr'><strong>Jeremiae</strong></span> <span class='ocrx_word' id='word_1_142' title='bbox 485 2191 546 2233; x_wconf 95' lang='lat' dir='ltr'><strong>non</strong></span> <span class='ocrx_word' id='word_1_143' title='bbox 564 2171 719 2233; x_wconf 84' lang='lat' dir='ltr'><strong>collocatae</strong></span> <span class='ocrx_word' id='word_1_144' title='bbox 737 2180 806 2233; x_wconf 92' lang='lat' dir='ltr'><strong>sunt</strong></span> <span class='ocrx_word' id='word_1_145' title='bbox 819 2190 855 2234; x_wconf 90' lang='lat' dir='ltr'><strong>eo</strong></span> <span class='ocrx_word' id='word_1_146' title='bbox 874 2173 996 2243; x_wconf 90' lang='lat' dir='ltr'><strong>ordine,</strong></span> <span class='ocrx_word' id='word_1_147' title='bbox 1009 2192 1067 2251; x_wconf 90' lang='lat' dir='ltr'><strong>quo</strong></span> <span class='ocrx_word' id='word_1_148' title='bbox 1081 2175 1171 2236; x_wconf 79' lang='lat' dir='ltr'><strong>editae</strong></span> 
     </span>
     <span class='ocr_line' id='line_1_21' title="bbox 45 2259 1172 2342; baseline 0.004 -23"><span class='ocrx_word' id='word_1_149' title='bbox 45 2266 174 2321; x_wconf 68' lang='lat' dir='ltr'><strong>sunt</strong></span> <span class='ocrx_word' id='word_1_150' title='bbox 190 2260 290 2339; x_wconf 89' lang='lat' dir='ltr'><strong>Caput</strong></span> <span class='ocrx_word' id='word_1_151' title='bbox 306 2259 343 2321; x_wconf 71' lang='lat' dir='ltr'><strong>aa</strong></span> <span class='ocrx_word' id='word_1_152' title='bbox 359 2278 421 2322; x_wconf 94' lang='lat' dir='ltr'><strong>non</strong></span> <span class='ocrx_word' id='word_1_153' title='bbox 434 2267 481 2321; x_wconf 88' lang='lat' dir='ltr'><strong>est</strong></span> <span class='ocrx_word' id='word_1_154' title='bbox 492 2261 651 2332; x_wconf 77' lang='lat' dir='ltr'><strong>ieremias,</strong></span> <span class='ocrx_word' id='word_1_155' title='bbox 667 2259 751 2338; x_wconf 87' lang='lat' dir='ltr'><strong>eujus</strong></span> <span class='ocrx_word' id='word_1_156' title='bbox 763 2261 908 2322; x_wconf 86' lang='lat' dir='ltr'><strong>vaticinia</strong></span> <span class='ocrx_word' id='word_1_157' title='bbox 919 2261 1061 2322; x_wconf 86' lang='lat' dir='ltr'><strong>desinunt</strong></span> <span class='ocrx_word' id='word_1_158' title='bbox 1072 2263 1172 2342; x_wconf 91' lang='lat' dir='ltr'><strong>capite</strong></span> 
     </span>
     <span class='ocr_line' id='line_1_22' title="bbox 41 2347 1014 2426; baseline -0.004 -15"><span class='ocrx_word' id='word_1_159' title='bbox 41 2348 287 2411; x_wconf 70' lang='lat' dir='ltr'><strong>praeorante</strong></span> <span class='ocrx_word' id='word_1_160' title='bbox 300 2365 368 2409; x_wconf 89' lang='lat' dir='ltr'><strong>oum</strong></span> <span class='ocrx_word' id='word_1_161' title='bbox 382 2347 576 2407; x_wconf 82' lang='lat' dir='ltr'><strong>adnotatione</strong></span> <span class='ocrx_word' id='word_1_162' title='bbox 591 2365 600 2406; x_wconf 74' lang='grc' dir='ltr'><strong><em>ε</em></strong></span> <span class='ocrx_word' id='word_1_163' title='bbox 615 2349 767 2426; x_wconf 83' lang='lat' dir='ltr'><strong>Hucusque</strong></span> <span class='ocrx_word' id='word_1_164' title='bbox 779 2348 1014 2409; x_wconf 74' lang='lat' dir='ltr'><strong>verbulorunc&#39;oe.</strong></span> 
     </span>
    </p>

    <p class='ocr_par' dir='ltr' id='par_1_6' title="bbox 34 2432 1171 2680">
     <span class='ocr_line' id='line_1_23' title="bbox 140 2432 1171 2513; baseline 0.009 -24"><span class='ocrx_word' id='word_1_165' title='bbox 140 2432 237 2495; x_wconf 81' lang='lat' dir='ltr'><strong>l&#39;ersio</strong></span> <span class='ocrx_word' id='word_1_166' title='bbox 256 2433 463 2494; x_wconf 84' lang='lat' dir='ltr'><strong>Alexandrina</strong></span> <span class='ocrx_word' id='word_1_167' title='bbox 479 2449 497 2493; x_wconf 91' lang='lat' dir='ltr'><strong>a</strong></span> <span class='ocrx_word' id='word_1_168' title='bbox 515 2451 541 2494; x_wconf 93' lang='lat' dir='ltr'><strong>c.</strong></span> <span class='ocrx_word' id='word_1_169' title='bbox 556 2432 608 2505; x_wconf 73' lang='lat' dir='ltr'><strong>ab,</strong></span> <span class='ocrx_word' id='word_1_170' title='bbox 623 2433 659 2493; x_wconf 79' lang='lat' dir='ltr'><strong>la</strong></span> <span class='ocrx_word' id='word_1_171' title='bbox 674 2452 768 2513; x_wconf 90' lang='lat' dir='ltr'><strong>usque</strong></span> <span class='ocrx_word' id='word_1_172' title='bbox 786 2435 824 2496; x_wconf 91' lang='lat' dir='ltr'><strong>ad</strong></span> <span class='ocrx_word' id='word_1_173' title='bbox 842 2434 933 2495; x_wconf 87' lang='lat' dir='ltr'><strong>linem</strong></span> <span class='ocrx_word' id='word_1_174' title='bbox 948 2435 1021 2494; x_wconf 91' lang='lat' dir='ltr'><strong>libri</strong></span> <span class='ocrx_word' id='word_1_175' title='bbox 1033 2436 1171 2498; x_wconf 89' lang='lat' dir='ltr'><strong>ordinem</strong></span> 
     </span>
     <span class='ocr_line' id='line_1_24' title="bbox 35 2510 1167 2600; baseline 0.009 -26"><span class='ocrx_word' id='word_1_176' title='bbox 35 2510 305 2581; x_wconf 59' lang='lat' dir='ltr'><strong>v:liciniorum</strong></span> <span class='ocrx_word' id='word_1_177' title='bbox 323 2517 362 2578; x_wconf 94' lang='lat' dir='ltr'><strong>ab</strong></span> <span class='ocrx_word' id='word_1_178' title='bbox 382 2518 435 2578; x_wconf 94' lang='lat' dir='ltr'><strong>illo</strong></span> <span class='ocrx_word' id='word_1_179' title='bbox 452 2526 552 2579; x_wconf 83' lang='lat' dir='ltr'><strong>textus</strong></span> <span class='ocrx_word' id='word_1_180' title='bbox 566 2519 682 2579; x_wconf 76' lang='lat' dir='ltr'><strong>hebrai</strong></span> <span class='ocrx_word' id='word_1_181' title='bbox 696 2527 727 2579; x_wconf 86' lang='lat' dir='ltr'><strong>et</strong></span> <span class='ocrx_word' id='word_1_182' title='bbox 739 2521 878 2600; x_wconf 82' lang='lat' dir='ltr'><strong>vulgatae</strong></span> <span class='ocrx_word' id='word_1_183' title='bbox 895 2521 1048 2583; x_wconf 85' lang='lat' dir='ltr'><strong>diversum</strong></span> <span class='ocrx_word' id='word_1_184' title='bbox 1060 2521 1167 2597; x_wconf 90' lang='lat' dir='ltr'><strong>habet,</strong></span> 
     </span>
     <span class='ocr_line' id='line_1_25' title="bbox 34 2592 767 2680; baseline -0.008 -13"><span class='ocrx_word' id='word_1_185' title='bbox 34 2592 182 2680; x_wconf 46' lang='lat' dir='ltr'><strong>quue</strong></span> <span class='ocrx_word' id='word_1_186' title='bbox 193 2603 350 2666; x_wconf 90' lang='lat' dir='ltr'><strong>nonnullae</strong></span> <span class='ocrx_word' id='word_1_187' title='bbox 358 2603 475 2665; x_wconf 82' lang='lat' dir='ltr'><strong>lacunae</strong></span> <span class='ocrx_word' id='word_1_188' title='bbox 488 2605 521 2664; x_wconf 95' lang='lat' dir='ltr'><strong>in</strong></span> <span class='ocrx_word' id='word_1_189' title='bbox 531 2605 584 2663; x_wconf 93' lang='lat' dir='ltr'><strong>illa</strong></span> <span class='ocrx_word' id='word_1_190' title='bbox 597 2614 767 2664; x_wconf 87' lang='lat' dir='ltr'><strong>occurrunt.</strong></span> 
     </span>
    </p>
   </div>
   <div class='ocr_carea' id='block_1_6' title="bbox 156 2726 1107 2961">
    <p class='ocr_par' dir='ltr' id='par_1_7' title="bbox 156 2726 1107 2961">
     <span class='ocr_line' id='line_1_26' title="bbox 387 2726 870 2814; baseline 0.002 -1"><span class='ocrx_word' id='word_1_191' title='bbox 387 2767 427 2813; x_wconf 82' lang='lat' dir='ltr'><strong>DE</strong></span> <span class='ocrx_word' id='word_1_192' title='bbox 442 2726 716 2813; x_wconf 65' lang='lat' dir='ltr'><strong>unimurnrlortllttls</strong></span> <span class='ocrx_word' id='word_1_193' title='bbox 730 2765 870 2814; x_wconf 73' lang='lat' dir='ltr'><strong>teltmllAE.</strong></span> 
     </span>
     <span class='ocr_line' id='line_1_27' title="bbox 156 2886 1107 2961; baseline -0.006 -17"><span class='ocrx_word' id='word_1_194' title='bbox 156 2889 174 2961; x_wconf 64' lang='lat'><em>8</em></span> <span class='ocrx_word' id='word_1_195' title='bbox 185 2890 290 2944; x_wconf 84' lang='lat' dir='ltr'><strong>cxxxt.</strong></span> <span class='ocrx_word' id='word_1_196' title='bbox 301 2915 331 2928; x_wconf 92' lang='lat'><em>-</em></span> <span class='ocrx_word' id='word_1_197' title='bbox 341 2889 431 2940; x_wconf 80' lang='lat' dir='ltr'><strong>ductor</strong></span> <span class='ocrx_word' id='word_1_198' title='bbox 441 2886 664 2937; x_wconf 74' lang='lat' dir='ltr'><strong>lamentationum.</strong></span> <span class='ocrx_word' id='word_1_199' title='bbox 674 2886 808 2936; x_wconf 71' lang='lat' dir='ltr'><strong>Sententiae</strong></span> <span class='ocrx_word' id='word_1_200' title='bbox 820 2886 851 2936; x_wconf 85' lang='lat' dir='ltr'><strong>de</strong></span> <span class='ocrx_word' id='word_1_201' title='bbox 862 2898 946 2936; x_wconf 83' lang='lat' dir='ltr'><strong>aarum</strong></span> <span class='ocrx_word' id='word_1_202' title='bbox 956 2890 1107 2951; x_wconf 74' lang='lat' dir='ltr'><strong>argumento.</strong></span> 
     </span>
    </p>
   </div>
   <div class='ocr_carea' id='block_1_7' title="bbox 18 3012 1169 4053">
    <p class='ocr_par' dir='ltr' id='par_1_8' title="bbox 18 3012 1169 4053">
     <span class='ocr_line' id='line_1_28' title="bbox 134 3012 1167 3100; baseline 0 -14"><span class='ocrx_word' id='word_1_203' title='bbox 134 3028 201 3086; x_wconf 76' lang='lat' dir='ltr'><strong>tte.</strong></span> <span class='ocrx_word' id='word_1_204' title='bbox 220 3025 463 3095; x_wconf 82' lang='lat' dir='ltr'><strong>Lamentationes,</strong></span> <span class='ocrx_word' id='word_1_205' title='bbox 482 3021 627 3082; x_wconf 86' lang='lat' dir='ltr'><strong>hebraice</strong></span> <span class='ocrx_word' id='word_1_206' title='bbox 645 3021 759 3082; x_wconf 81' lang='lat' dir='ltr'><strong>Kinotb</strong></span> <span class='ocrx_word' id='word_1_207' title='bbox 778 3027 829 3081; x_wconf 90' lang='lat' dir='ltr'><strong>aut</strong></span> <span class='ocrx_word' id='word_1_208' title='bbox 845 3021 943 3092; x_wconf 85' lang='lat' dir='ltr'><strong>Eeho,</strong></span> <span class='ocrx_word' id='word_1_209' title='bbox 954 3038 1053 3099; x_wconf 76' lang='lat' dir='ltr'><strong>graece</strong></span> <span class='ocrx_word' id='word_1_210' title='bbox 1075 3012 1167 3100; x_wconf 66' lang='grc' dir='ltr'><strong>ὀρηνοι,</strong></span> 
     </span>
     <span class='ocr_line' id='line_1_29' title="bbox 95 3104 1169 3186; baseline 0 -9"><span class='ocrx_word' id='word_1_211' title='bbox 95 3104 318 3186; x_wconf 59' lang='lat' dir='ltr'><strong>mulctae,</strong></span> <span class='ocrx_word' id='word_1_212' title='bbox 337 3113 503 3175; x_wconf 87' lang='lat' dir='ltr'><strong>Jcremiam</strong></span> <span class='ocrx_word' id='word_1_213' title='bbox 515 3118 650 3170; x_wconf 88' lang='lat' dir='ltr'><strong>autorem</strong></span> <span class='ocrx_word' id='word_1_214' title='bbox 662 3109 791 3179; x_wconf 83' lang='lat' dir='ltr'><strong>habent3</strong></span> <span class='ocrx_word' id='word_1_215' title='bbox 804 3126 854 3169; x_wconf 89' lang='lat' dir='ltr'><strong>eas</strong></span> <span class='ocrx_word' id='word_1_216' title='bbox 864 3109 946 3169; x_wconf 90' lang='lat' dir='ltr'><strong>enirn</strong></span> <span class='ocrx_word' id='word_1_217' title='bbox 958 3109 1004 3167; x_wconf 91' lang='lat' dir='ltr'><strong>illi</strong></span> <span class='ocrx_word' id='word_1_218' title='bbox 1014 3110 1169 3177; x_wconf 78' lang='lat' dir='ltr'><strong>vindicant</strong></span> 
     </span>
     <span class='ocr_line' id='line_1_30' title="bbox 74 3194 1169 3283; baseline -0.006 -17"><span class='ocrx_word' id='word_1_219' title='bbox 74 3202 298 3283; x_wconf 54' lang='lat' dir='ltr'><strong>§utiquissima</strong></span> <span class='ocrx_word' id='word_1_220' title='bbox 309 3200 448 3268; x_wconf 88' lang='lat' dir='ltr'><strong>traditio,</strong></span> <span class='ocrx_word' id='word_1_221' title='bbox 463 3202 688 3276; x_wconf 75' lang='lat' dir='ltr'><strong>argumentum,</strong></span> <span class='ocrx_word' id='word_1_222' title='bbox 701 3202 733 3254; x_wconf 90' lang='lat' dir='ltr'><strong>et</strong></span> <span class='ocrx_word' id='word_1_223' title='bbox 748 3195 861 3273; x_wconf 83' lang='lat' dir='ltr'><strong>linguae</strong></span> <span class='ocrx_word' id='word_1_224' title='bbox 879 3194 1010 3272; x_wconf 88' lang='lat' dir='ltr'><strong>stylique</strong></span> <span class='ocrx_word' id='word_1_225' title='bbox 1023 3213 1091 3255; x_wconf 90' lang='lat' dir='ltr'><strong>cum</strong></span> <span class='ocrx_word' id='word_1_226' title='bbox 1106 3199 1169 3277; x_wconf 88' lang='lat' dir='ltr'><strong>ejus</strong></span> 
     </span>
     <span class='ocr_line' id='line_1_31' title="bbox 80 3284 475 3371; baseline -0.02 -21"><span class='ocrx_word' id='word_1_227' title='bbox 80 3288 260 3371; x_wconf 57' lang='lat' dir='ltr'><strong>yophetiis</strong></span> <span class='ocrx_word' id='word_1_228' title='bbox 272 3284 475 3348; x_wconf 81' lang='lat' dir='ltr'><strong>contomnitas.</strong></span> 
     </span>
     <span class='ocr_line' id='line_1_32' title="bbox 119 3366 1166 3447; baseline -0.005 -13"><span class='ocrx_word' id='word_1_229' title='bbox 119 3376 202 3447; x_wconf 63' lang='grc' dir='ltr'><strong>,Μ</strong></span> <span class='ocrx_word' id='word_1_230' title='bbox 222 3370 368 3433; x_wconf 90' lang='lat' dir='ltr'><strong>Nonnulli</strong></span> <span class='ocrx_word' id='word_1_231' title='bbox 389 3368 506 3447; x_wconf 89' lang='lat' dir='ltr'><strong>antiqui</strong></span> <span class='ocrx_word' id='word_1_232' title='bbox 527 3375 559 3428; x_wconf 93' lang='lat' dir='ltr'><strong>et</strong></span> <span class='ocrx_word' id='word_1_233' title='bbox 580 3367 767 3427; x_wconf 89' lang='lat' dir='ltr'><strong>recentiores</strong></span> <span class='ocrx_word' id='word_1_234' title='bbox 786 3369 928 3445; x_wconf 77' lang='lat' dir='ltr'><strong>Exegetae</strong></span> <span class='ocrx_word' id='word_1_235' title='bbox 939 3366 1166 3445; x_wconf 80' lang='lat' dir='ltr'><strong>existimarunt,</strong></span> 
     </span>
     <span class='ocr_line' id='line_1_33' title="bbox 94 3453 1167 3533; baseline -0.007 -10"><span class='ocrx_word' id='word_1_236' title='bbox 94 3456 176 3533; x_wconf 69' lang='lat' dir='ltr'><strong>hisee</strong></span> <span class='ocrx_word' id='word_1_237' title='bbox 200 3458 333 3519; x_wconf 79' lang='lat' dir='ltr'><strong>Turonis</strong></span> <span class='ocrx_word' id='word_1_238' title='bbox 354 3455 421 3516; x_wconf 87' lang='lat' dir='ltr'><strong>cani</strong></span> <span class='ocrx_word' id='word_1_239' title='bbox 445 3461 574 3515; x_wconf 89' lang='lat' dir='ltr'><strong>mortem</strong></span> <span class='ocrx_word' id='word_1_240' title='bbox 598 3453 690 3513; x_wconf 82' lang='lat' dir='ltr'><strong>Josiae</strong></span> <span class='ocrx_word' id='word_1_241' title='bbox 711 3455 793 3532; x_wconf 84' lang='lat' dir='ltr'><strong>rogis</strong></span> <span class='ocrx_word' id='word_1_242' title='bbox 814 3453 915 3524; x_wconf 80' lang='lat' dir='ltr'><strong>tudae,</strong></span> <span class='ocrx_word' id='word_1_243' title='bbox 934 3470 969 3513; x_wconf 89' lang='lat' dir='ltr'><strong>ac</strong></span> <span class='ocrx_word' id='word_1_244' title='bbox 990 3454 1082 3526; x_wconf 90' lang='lat' dir='ltr'><strong>mala,</strong></span> <span class='ocrx_word' id='word_1_245' title='bbox 1100 3472 1167 3531; x_wconf 78' lang='lat' dir='ltr'><strong>quae</strong></span> 
     </span>
     <span class='ocr_line' id='line_1_34' title="bbox 18 3539 1167 3619; baseline -0.008 -9"><span class='ocrx_word' id='word_1_246' title='bbox 18 3558 25 3563; x_wconf 85' lang='lat'>&#39;</span> <span class='ocrx_word' id='word_1_247' title='bbox 58 3604 76 3619; x_wconf 61' lang='grc'>,</span> <span class='ocrx_word' id='word_1_248' title='bbox 95 3542 175 3617; x_wconf 73' lang='lat' dir='ltr'><strong>{ihm</strong></span> <span class='ocrx_word' id='word_1_249' title='bbox 193 3552 298 3608; x_wconf 84' lang='lat' dir='ltr'><strong>secuta</strong></span> <span class='ocrx_word' id='word_1_250' title='bbox 316 3549 399 3611; x_wconf 92' lang='lat' dir='ltr'><strong>sunt,</strong></span> <span class='ocrx_word' id='word_1_251' title='bbox 419 3542 448 3600; x_wconf 86' lang='lat' dir='ltr'><strong>l⁰</strong></span> <span class='ocrx_word' id='word_1_252' title='bbox 462 3542 543 3619; x_wconf 89' lang='lat' dir='ltr'><strong>quod</strong></span> <span class='ocrx_word' id='word_1_253' title='bbox 554 3543 581 3600; x_wconf 97' lang='lat' dir='ltr'><strong>ll</strong></span> <span class='ocrx_word' id='word_1_254' title='bbox 594 3539 691 3600; x_wconf 90' lang='lat' dir='ltr'><strong>Paral.</strong></span> <span class='ocrx_word' id='word_1_255' title='bbox 705 3540 751 3611; x_wconf 67' lang='lat'><strong>53,</strong></span> <span class='ocrx_word' id='word_1_256' title='bbox 767 3540 941 3609; x_wconf 67' lang='lat' dir='ltr'><strong>addicitur,</strong></span> <span class='ocrx_word' id='word_1_257' title='bbox 957 3541 1037 3617; x_wconf 80' lang='lat' dir='ltr'><strong>(quod</strong></span> <span class='ocrx_word' id='word_1_258' title='bbox 1052 3542 1167 3602; x_wconf 84' lang='lat' dir='ltr'><strong>Josianr</strong></span> 
     </span>
     <span class='ocr_line' id='line_1_35' title="bbox 95 3626 1168 3711; baseline -0.007 -17"><span class='ocrx_word' id='word_1_259' title='bbox 95 3628 255 3711; x_wconf 60' lang='lat' dir='ltr'><strong>fleverit</strong></span> <span class='ocrx_word' id='word_1_260' title='bbox 274 3650 291 3687; x_wconf 83' lang='lat' dir='ltr'><strong>n</strong></span> <span class='ocrx_word' id='word_1_261' title='bbox 311 3627 461 3688; x_wconf 79' lang='lat' dir='ltr'><strong>ieremias</strong></span> <span class='ocrx_word' id='word_1_262' title='bbox 472 3626 617 3696; x_wconf 85' lang='lat' dir='ltr'><strong>maxime,</strong></span> <span class='ocrx_word' id='word_1_263' title='bbox 631 3626 714 3703; x_wconf 87' lang='lat' dir='ltr'><strong>cujus</strong></span> <span class='ocrx_word' id='word_1_264' title='bbox 727 3643 830 3686; x_wconf 88' lang='lat' dir='ltr'><strong>omnes</strong></span> <span class='ocrx_word' id='word_1_265' title='bbox 846 3632 985 3686; x_wconf 87' lang='lat' dir='ltr'><strong>cantores</strong></span> <span class='ocrx_word' id='word_1_266' title='bbox 996 3634 1084 3704; x_wconf 88' lang='lat' dir='ltr'><strong>atquc</strong></span> <span class='ocrx_word' id='word_1_267' title='bbox 1096 3645 1168 3688; x_wconf 92' lang='lat' dir='ltr'><strong>can·</strong></span> 
     </span>
     <span class='ocr_line' id='line_1_36' title="bbox 97 3712 1166 3792; baseline -0.004 -15"><span class='ocrx_word' id='word_1_268' title='bbox 97 3712 246 3779; x_wconf 68' lang='lat' dir='ltr'><strong>rumices</strong></span> <span class='ocrx_word' id='word_1_269' title='bbox 258 3732 354 3792; x_wconf 89' lang='lat' dir='ltr'><strong>usque</strong></span> <span class='ocrx_word' id='word_1_270' title='bbox 371 3713 403 3773; x_wconf 93' lang='lat' dir='ltr'><strong>in</strong></span> <span class='ocrx_word' id='word_1_271' title='bbox 419 3720 599 3790; x_wconf 81' lang='lat' dir='ltr'><strong>praesentem</strong></span> <span class='ocrx_word' id='word_1_272' title='bbox 612 3712 693 3772; x_wconf 88' lang='lat' dir='ltr'><strong>diem</strong></span> <span class='ocrx_word' id='word_1_273' title='bbox 707 3712 935 3771; x_wconf 84' lang='lat' dir='ltr'><strong>lamentationes</strong></span> <span class='ocrx_word' id='word_1_274' title='bbox 948 3729 1038 3790; x_wconf 89' lang='lat' dir='ltr'><strong>super</strong></span> <span class='ocrx_word' id='word_1_275' title='bbox 1053 3712 1166 3773; x_wconf 84' lang='lat' dir='ltr'><strong>Josinrn</strong></span> 
     </span>
     <span class='ocr_line' id='line_1_37' title="bbox 94 3794 1166 3885; baseline -0.003 -23"><span class='ocrx_word' id='word_1_276' title='bbox 94 3802 287 3885; x_wconf 62' lang='lat' dir='ltr'><strong>amplicanu</strong></span> <span class='ocrx_word' id='word_1_277' title='bbox 299 3822 315 3857; x_wconf 82' lang='lat' dir='ltr'><strong>n</strong></span> <span class='ocrx_word' id='word_1_278' title='bbox 328 3800 359 3861; x_wconf 73' lang='lat'><strong>2⁰</strong></span> <span class='ocrx_word' id='word_1_279' title='bbox 372 3800 452 3878; x_wconf 90' lang='lat' dir='ltr'><strong>quod</strong></span> <span class='ocrx_word' id='word_1_280' title='bbox 459 3794 600 3859; x_wconf 78' lang='lat' dir='ltr'><strong>hument.</strong></span> <span class='ocrx_word' id='word_1_281' title='bbox 617 3797 646 3867; x_wconf 83' lang='lat' dir='ltr'><strong>l,</strong></span> <span class='ocrx_word' id='word_1_282' title='bbox 663 3798 709 3856; x_wconf 60' lang='lat' dir='ltr'><strong>iffa</strong></span> <span class='ocrx_word' id='word_1_283' title='bbox 722 3799 913 3875; x_wconf 87' lang='lat' dir='ltr'><strong>supponitur,</strong></span> <span class='ocrx_word' id='word_1_284' title='bbox 928 3798 1166 3877; x_wconf 82' lang='lat' dir='ltr'><strong>Hierosolymam</strong></span> 
     </span>
     <span class='ocr_line' id='line_1_38' title="bbox 83 3886 577 3971; baseline -0.014 -18"><span class='ocrx_word' id='word_1_285' title='bbox 83 3889 282 3971; x_wconf 65' lang='lat' dir='ltr'><strong>-tttemplum</strong></span> <span class='ocrx_word' id='word_1_286' title='bbox 295 3887 392 3947; x_wconf 90' lang='lat' dir='ltr'><strong>adhuc</strong></span> <span class='ocrx_word' id='word_1_287' title='bbox 404 3886 577 3946; x_wconf 87' lang='lat' dir='ltr'><strong>subsistere.</strong></span> 
     </span>
     <span class='ocr_line' id='line_1_39' title="bbox 98 3970 1165 4053; baseline -0.003 -14"><span class='ocrx_word' id='word_1_288' title='bbox 98 4022 103 4049; x_wconf 84' lang='lat'><strong>,</strong></span> <span class='ocrx_word' id='word_1_289' title='bbox 127 3976 186 4039; x_wconf 75' lang='lat' dir='ltr'><strong>tat</strong></span> <span class='ocrx_word' id='word_1_290' title='bbox 203 3972 235 4034; x_wconf 88' lang='lat' dir='ltr'><strong>l·</strong></span> <span class='ocrx_word' id='word_1_291' title='bbox 260 3974 293 4032; x_wconf 93' lang='lat' dir='ltr'><strong>in</strong></span> <span class='ocrx_word' id='word_1_292' title='bbox 319 3971 598 4032; x_wconf 89' lang='lat' dir='ltr'><strong>Lamentationihus</strong></span> <span class='ocrx_word' id='word_1_293' title='bbox 621 3970 845 4034; x_wconf 88' lang='lat' dir='ltr'><strong>nihilomnino</strong></span> <span class='ocrx_word' id='word_1_294' title='bbox 868 3970 907 4031; x_wconf 91' lang='lat' dir='ltr'><strong>dc</strong></span> <span class='ocrx_word' id='word_1_295' title='bbox 927 3971 1010 4030; x_wconf 91' lang='lat' dir='ltr'><strong>Josia</strong></span> <span class='ocrx_word' id='word_1_296' title='bbox 1031 3977 1082 4032; x_wconf 90' lang='lat' dir='ltr'><strong>aut</strong></span> <span class='ocrx_word' id='word_1_297' title='bbox 1103 3971 1165 4053; x_wconf 87' lang='lat' dir='ltr'><strong>ejus</strong></span> 
     </span>
    </p>
   </div>
   <div class='ocr_carea' id='block_1_8' title="bbox 99 4094 635 4161">
    <p class='ocr_par' dir='ltr' id='par_1_9' title="bbox 99 4094 635 4183">
     <span class='ocr_line' id='line_1_40' title="bbox 99 4094 635 4161; baseline 0.004 -15"><span class='ocrx_word' id='word_1_298' title='bbox 99 4110 117 4159; x_wconf 82' lang='grc'><strong>,.·</strong></span> <span class='ocrx_word' id='word_1_299' title='bbox 125 4094 216 4153; x_wconf 68' lang='lat' dir='ltr'><strong>thiel.</strong></span> <span class='ocrx_word' id='word_1_300' title='bbox 226 4098 254 4150; x_wconf 91' lang='lat' dir='ltr'><strong>iu</strong></span> <span class='ocrx_word' id='word_1_301' title='bbox 262 4097 307 4148; x_wconf 87' lang='lat' dir='ltr'><strong>tlh.</strong></span> <span class='ocrx_word' id='word_1_302' title='bbox 317 4096 348 4161; x_wconf 85' lang='lat'><strong>6,</strong></span> <span class='ocrx_word' id='word_1_303' title='bbox 357 4096 491 4147; x_wconf 82' lang='lat' dir='ltr'><strong>comment.</strong></span> <span class='ocrx_word' id='word_1_304' title='bbox 506 4096 533 4146; x_wconf 94' lang='lat' dir='ltr'><strong>in</strong></span> <span class='ocrx_word' id='word_1_305' title='bbox 545 4095 635 4148; x_wconf 82' lang='lat' dir='ltr'><strong>terem.</strong></span> 
     </span>
    </p>
   </div>
   <div class='ocr_carea' id='block_1_9' title="bbox 0 0 1362 4838">
    <p class='ocr_par' dir='ltr' id='par_1_10' title="bbox 0 0 1362 4838">
     <span class='ocr_line' id='line_1_41' title="bbox 0 0 1362 4838; baseline 0 3"><span class='ocrx_word' id='word_1_306' title='bbox 0 0 1362 4838; x_wconf 95' lang='lat' dir='ltr'><strong> </strong></span> 
     </span>
    </p>
   </div>
  </div>
 </body>
</html>
