2708 4846
230 461 275 517 ll't
523 469 571 520 DE
592 464 711 520 nexuit
731 463 774 518 ΕΤ
792 461 1036 517 veneruntn'us

229 565 301 628 hine
319 558 493 627 versionem
507 582 592 625 snam
608 565 693 642 juxta
709 562 803 624 verba
821 569 922 623 tentus
938 559 1107 640 originarii
1122 556 1300 638 serupnloeln

229 649 376 715 coniecit.

266 736 357 795 lllurn
373 733 507 794 studiose
525 732 695 812 corrupisse
708 737 809 792 textus
823 730 862 792 de
874 729 999 793 Christo
1013 736 1148 808 agentes
1159 728 1238 790 haud
1252 745 1302 809 pre

229 823 336 884 batum
349 830 405 883 est.
419 824 449 883 S.
465 823 669 899 Hieronymus
688 820 774 881 illum
787 826 877 881 vocat
897 820 1062 880 Verborum
1079 820 1302 882 netroeornae

232 917 390 987 terprelent
407 907 658 986 diligentissimum
671 907 692 976 ¹,
704 913 736 966 et
747 905 787 968 ad
804 907 965 967 Damasum
981 905 1149 968 scribens:
1164 926 1181 963 ιι
1194 902 1301 984 Aquila,

231 995 376 1072 »inquit
401 1011 464 1053 non
484 993 722 1060 contentiosius,
747 998 782 1052 ut
801 992 924 1070 quidam
934 998 1063 1071 putant,
1088 991 1147 1053 sed
1163 991 1302 1055 suumin

231 1101 248 1139 n
264 1082 394 1142 verbum
406 1079 601 1158 interpretari
614 1078 653 1138 ad
667 1077 796 1139 verbum
807 1077 831 1139 ⁸.
844 1099 860 1135 n

266 1166 361 1239 Loca,
376 1183 444 1244 quae
458 1173 491 1225 ut
507 1165 546 1226 ab
560 1164 672 1242 Aquila
687 1168 828 1243 corrupta
846 1164 986 1243 adlegatu
1007 1163 1152 1238 luerunt,
1169 1164 1303 1227 versiam

230 1254 459 1333 etymologicon,
477 1252 527 1312 vel
548 1253 699 1312 lectiones
716 1251 884 1320 variantes,
903 1249 954 1311 vel
972 1251 1137 1312 versiones
1152 1251 1240 1312 mala
1253 1267 1303 1313 ene

229 1342 394 1404 videntur:
413 1339 458 1398 sic
478 1339 563 1398 lsaiae
582 1338 611 1407 7,
625 1338 679 1409 lt,
693 1354 753 1397 vox
766 1337 916 1408 limmat,
937 1338 1050 1416 Virgo,
1069 1354 1142 1417 quae
1156 1339 1257 1400 affl
1267 1339 1304 1399 ln

231 1425 416 1504 ter-pratibus
432 1430 466 1483 ut
482 1430 603 1502 oportet
618 1433 793 1503 permane,
809 1422 959 1502 Virginem
970 1423 1097 1485 reddita
1120 1431 1187 1496 est,
1208 1423 1304 1504 abiptt

230 1527 318 1572 veisa
331 1519 377 1572 est
385 1533 453 1577 νιανις
465 1509 625 1569 Juuettettla

186 1628 190 1633 ·
267 1599 393 1676 Aquila,
407 1606 440 1658 ut
452 1615 537 1659 suam
549 1597 722 1658 versionem
736 1595 836 1658 adhue
850 1596 948 1674 magis
964 1596 1136 1658 litteralem
1155 1597 1302 1670 redderet,

230 1685 397 1748 seeundum
409 1686 491 1746 illius
505 1683 673 1745 editionem
682 1684 853 1753 exornavit,
867 1681 923 1744 sed
939 1695 1007 1760 quae
1019 1682 1101 1744 adeo
1113 1677 1241 1746 obscena
1251 1684 1305 1760 trit,

231 1778 264 1831 ut
275 1772 343 1832 sine
361 1779 448 1832 textu
464 1771 589 1831 hebraeo
603 1769 656 1828 vix
672 1768 806 1847 intelligi
827 1773 939 1848 posset.
961 1767 1044 1829 Hine
1067 1770 1100 1830 8.
1120 1771 1304 1848 Hieronymus

230 1859 373 1937 Aquilam
386 1859 477 1919 modo
490 1864 580 1918 vocat
592 1857 793 1934 interpretem
808 1854 977 1915 studiosum
990 1862 1023 1915 et
1034 1855 1304 1936 diligentissimum,

231 1952 264 2005 et
275 1945 365 2006 modo
378 1944 602 2006 contentiosum
612 1930 634 2000 ³.
649 1942 759 2002 versio
774 1940 894 2019 Aquilae
906 1956 924 2000 a
938 1939 1056 2002 Judaeia
1069 1942 1305 2004 Hellenistisetr

230 2032 339 2108 gracie
349 2029 530 2092 Christianis
537 2030 684 2090 aestimata
691 2028 756 2087 luit.
764 2027 861 2088 Periit
869 2033 988 2096 autem
997 2026 1053 2088 sed
1062 2027 1232 2108 fragmenta
1239 2028 1306 2088 illim

231 2122 336 2175 entant
350 2116 382 2174 in
395 2113 621 2175 commentariis
634 2113 664 2173 S.
680 2111 860 2189 Hieronymi
875 2108 909 2170 in
928 2111 1117 2185 toraniam,
1131 2112 1305 2176 Ezechielem

230 2217 266 2262 ae
278 2201 448 2262 Danielem.

557 2331 648 2397 sxlx.
660 2334 747 2382 versio
757 2343 836 2396 graeea
846 2333 998 2395 Symmachi.

267 2460 340 2517 tut.
359 2455 497 2518 Alteram
518 2458 693 2520 versionem
711 2475 844 2538 grecam
859 2458 1023 2523 Librorum
1037 2479 1198 2526 sacrorum
1209 2467 1305 2528 vetem

229 2541 366 2603 Foederis
381 2543 493 2603 saeculo
511 2543 645 2604 secundo
662 2551 731 2623 post
743 2545 991 2608 Theodotionem
1007 2548 1110 2611 edidit
1127 2551 1306 2629 Symmaclne

229 2628 410 2690 christianus
419 2625 575 2705 judaizans
586 2646 640 2690 seu
648 2630 807 2701 Ebionita‚
818 2638 852 2691 ut
861 2622 1034 2694 Eusebius⁴
1045 2640 1079 2708 et
1090 2624 1304 2715 Hieronymnr'

229 2721 387 2776 testantur.
399 2715 502 2775 Vertit
520 2721 636 2775 textum
649 2716 849 2794 originarium
860 2734 923 2778 non
939 2717 1119 2781 litteraliter
1135 2727 1171 2781 ut
1185 2720 1302 2799 Aqtdlt.

229 2800 284 2861 sed
301 2818 423 2861 sensum
438 2818 455 2860 e
468 2819 560 2862 sensu
576 2803 734 2880 eleganter
751 2804 911 2882 expressit.
927 2805 1113 2866 versionem
1126 2824 1212 2869 suam
1225 2808 1256 2869 in
1269 2822 1303 2868 se·

228 2885 329 2947 cunda
342 2885 479 2946 editione
490 2888 665 2966 perpolivit.
679 2889 754 2947 Eam
768 2889 886 2966 antiqui
897 2891 1102 2969 perspicuam,
1114 2892 1300 2972 manifestor,

229 2975 362 3045 oportent
373 2974 400 3025 et
413 2966 616 3028 admirabilem
630 2967 772 3029 dixerunt
783 2957 805 3027 ⁶.
819 2970 947 3032 Nonnisi
964 2972 1140 3052 fragmenta
1150 2975 1238 3058 hujus
1247 2992 1302 3037 ue·-

228 3052 323 3113 sionis
334 3059 504 3131 supersunt.

518 3187 534 3255 g
548 3191 601 3237 xil.
613 3211 643 3227 -·
653 3190 740 3240 versio
750 3202 828 3252 gram
838 3191 1024 3243 meodouonis.

264 3311 338 3367 titt.
350 3308 544 3369 Theodotion
560 3307 645 3387 juata
664 3311 694 3371 S.
719 3312 870 3371 irenaeum
893 3311 1061 3393 Ephesiae,
1075 3322 1111 3376 et
1124 3318 1156 3379 8.
1167 3318 1300 3396 Hierony

226 3393 1298 3486 rnumludaeruEhionita⁷,mediosaeculosecundoversienemgraeetl

227 3480 388 3540 librorum
407 3495 560 3539 sacrorum
570 3481 684 3540 veteris
696 3481 834 3542 Foederis
849 3483 1056 3555 elucubravit,
1075 3503 1171 3565 quam
1182 3491 1214 3552 8.
1226 3487 1300 3551 sni

226 3584 283 3708 Irus
292 3582 371 3625 anno
385 3564 484 3626 {euin
495 3565 696 3644 suoDialogo,
711 3574 743 3628 et
755 3569 785 3629 S.
797 3571 930 3630 Irenaeus
940 3585 1020 3630 anno
1029 3571 1083 3631 177
1091 3573 1296 3656 aeraevnlgnt.

238 3650 398 3711 audarunt.

262 3736 365 3798 illedia
377 3736 427 3797 via
440 3734 582 3813 Aquilam
594 3737 676 3798 inter
685 3745 716 3798 et
725 3739 936 3816 Symmachum
949 3741 1081 3814 incedit,
1098 3752 1133 3807 et
1143 3747 1296 3811 nonina

226 3834 310 3878 suam
322 3818 369 3877 illi
378 3819 459 3878 Lxx
471 3819 674 3898 interpretum
687 3821 729 3879 ita
741 3820 1002 3894 adcommodavit,
1017 3833 1052 3886 ut
1064 3827 1152 3890 illius
1161 3828 1297 3892 reeenaltr

257 3937 268 3973 ¹
280 3940 380 3990 llieren.
391 3940 468 4002 Epist.
480 3941 525 3991 {58
536 3941 566 3989 ad
576 3942 724 3991 marcellam.
734 3968 764 3979 -
772 3940 784 3978 ²
793 3945 870 4005 Epist.
882 3947 940 4006 tta,
952 3947 983 3994 ad
993 3948 1180 4002 Damasum·-
1188 3950 1201 3990 ⁸
1209 3951 1296 4003 ilionis

227 4006 295 4055 isaim
306 4022 329 4056 c.
340 4006 418 4057 8.-ΙΙ
426 4011 514 4059 iiuseb.
526 4011 590 4060 tint.
598 4012 616 4058 l.
628 4011 656 4068 6,
668 4026 691 4061 c.
703 4010 795 4060 ΠΛ
803 4014 904 4064 lileron.
916 4017 987 4066 arat.
997 4018 1025 4068 in
1036 4019 1083 4070 tit.
1092 4023 1164 4074 eun.
1175 4026 1202 4074 el
1211 4023 1295 4074 ilde!—

230 4070 382 4124 -⁸'illeron.
395 4077 420 4124 in
432 4079 500 4128 lenia
510 4091 532 4126 c.
544 4081 566 4126 l.
575 4081 620 4116 -7
630 4080 732 4131 Hieron.
743 4081 814 4130 Praei.
827 4084 852 4131 in
862 4084 958 4135 Daniel.
