2708 4846
483 477 670 527 tiltttotwtt
688 478 887 528 stcnottuu.
1179 476 1225 525 fild

185 562 351 627 character
372 572 474 626 autem
492 569 683 647 particularis
702 576 747 629 est
771 568 940 648 generatim
965 567 1225 645 interpretationis

147 651 324 731 simplicitas
337 669 371 714 ac
383 652 511 714 facilitas
518 674 526 724 ;
537 672 605 715 cum
615 656 696 715 enim
707 655 791 715 Libri
803 655 881 716 sacri
892 655 1078 733 generaliter
1083 655 1150 716 sine
1159 662 1224 715 arte

147 736 203 798 sed
219 753 329 816 magna
348 755 416 797 cum
433 739 643 818 simplicitate,
657 748 747 818 amne
757 756 896 800 sermone
910 740 991 800 taciti
1003 739 1104 817 captui
1120 737 1224 818 populi

146 821 387 894 accommodato,
402 825 564 903 conscripti
578 825 654 895 sint,
669 841 773 886 eorum
785 825 932 903 expositio
946 833 977 886 et
988 825 1117 902 simplex
1131 831 1162 883 et
1179 823 1225 883 ia·

145 906 214 967 cilis
226 910 396 986 generatim
406 912 446 971 sit
457 917 592 990 oportet;
606 910 679 971 binc
691 929 750 988 quo
759 911 927 991 simplicior
939 919 970 970 et
981 910 1101 972 facilior
1114 915 1161 969 est
1176 907 1225 968 iu·

144 995 339 1071 terpretatio,
360 1013 397 1054 eo
415 995 593 1073 plerumque
616 1003 662 1057 est
678 997 780 1057 verior
787 1015 796 1068 ;
817 1002 1038 1073 consequenter
1057 993 1222 1073 expositio,

144 1095 212 1156 quae
224 1081 385 1159 cujuslibet
396 1081 518 1141 lectoris
534 1083 629 1142 menti
649 1099 683 1143 se
704 1083 783 1143 ultro
798 1082 905 1143 sistere
919 1082 1060 1143 debuisse
1081 1080 1222 1150 videtur,

144 1165 263 1226 ceteris
272 1166 573 1244 interpretationibus
581 1168 751 1247 generatim
759 1174 890 1245 praestat.

180 1251 253 1305 ⁰3⁴·
266 1250 432 1314 Character
446 1269 519 1313 vero
536 1254 688 1332 generalis
703 1254 791 1314 malae
803 1251 1063 1332 interpretationis
1082 1256 1129 1311 est
1140 1249 1224 1313 illiua

143 1333 296 1398 diesem
308 1354 325 1398 a
336 1336 477 1401 Criteriis
486 1356 542 1400 seu
552 1341 677 1419 Regalis
687 1341 854 1419 exegeticis
863 1358 893 1400 n.
904 1337 1025 1400 6Μὶ
1036 1336 1165 1398 traditis.

178 1422 345 1486 character
358 1433 458 1485 autem
473 1426 662 1504 particularis
674 1434 721 1487 est
734 1424 995 1503 interpretationis
1011 1423 1163 1485 contorsio
1186 1438 1221 1484 ac

140 1507 323 1580 obscuritas;
337 1509 506 1589 hujusmodi
519 1520 565 1572 est
575 1513 738 1593 expositio,
755 1529 821 1590 quae
834 1512 908 1573 iicet
917 1510 1022 1572 verbis
1034 1516 1133 1571 textus
1142 1508 1221 1571 sacri

140 1595 277 1655 solitarie
290 1597 488 1657 consideratis
498 1596 576 1658 forte
586 1599 675 1669 insit,
686 1597 843 1659 contextui
851 1604 970 1667 tamen,
984 1602 1036 1656 aut
1048 1595 1139 1657 claris
1151 1593 1221 1655 aliis

141 1680 275 1742 textibus
287 1681 441 1761 parallelis
452 1682 639 1744 adversatur.

138 1813 156 1880 3
169 1817 235 1864 xlx.
246 1841 277 1852 -
286 1816 442 1866 conditiones
451 1819 483 1866 ad
493 1816 584 1866 bonam
598 1816 829 1879 interpretationem
838 1815 970 1879 Scripturas
981 1828 1056 1866 sacrae
1065 1814 1219 1864 necessarie.

177 1937 250 1992 usit.
271 1937 372 1997 Prinm
395 1937 530 1998 conditio
550 1937 588 1997 ad
610 1937 867 2016 interpretandam
895 1937 1079 2017 scripturam
1104 1952 1220 1998 sacram

138 2024 311 2084 nmesmna
324 2032 369 2084 est
382 2025 466 2084 notio
480 2023 612 2085 Canonis
628 2025 790 2084 Librorum
808 2041 976 2094 sacrorum,
992 2024 1113 2083 illorum
1125 2023 1221 2103 inspi-

139 2108 281 2180 rationis,
300 2109 489 2178 Authentiae,
509 2110 624 2171 Textus
647 2109 816 2180 Primitivi,
841 2126 876 2171 ac
900 2109 1120 2188 praecipuarum
1140 2110 1220 2169 Ver·

138 2193 275 2264 sionum,
296 2211 385 2272 quam
404 2195 555 2273 capitibus
567 2197 597 2266 1,
622 2196 664 2267 ll,
679 2196 719 2255 lll
740 2211 775 2256 ac
798 2196 839 2255 tv
862 2195 1106 2256 Hermeneuticae
1125 2210 1218 2255 saerae

138 2278 332 2350 tradidimus;
358 2280 466 2339 notitia
489 2280 672 2359 segunnam
704 2281 935 2357 Exegeticarum
957 2286 989 2341 et
1010 2279 1219 2340 Subsidiorum

137 2362 414 2442 interpretationis,
440 2382 530 2442 qnam
552 2384 583 2426 n.
605 2364 731 2428 taeda
755 2366 1028 2448 suppeditavimus,
1051 2365 1218 2444 harumque

137 2447 321 2527 Regularum
331 2451 434 2513 stricta
447 2451 649 2514 observantia.

176 2536 314 2596 Secunda
332 2537 467 2598 conditio
481 2546 527 2598 est
539 2538 735 2599 conscientiae
751 2539 880 2616 peritam
895 2539 962 2600 baec
977 2538 1060 2599 enim
1077 2544 1216 2618 praestat,

137 2627 173 2681 ut
185 2623 337 2703 lnterpres
350 2625 567 2700 praeconceptis
581 2624 777 2700 opinionibus
793 2624 955 2700 depositis,
971 2624 1101 2685 candido
1115 2640 1217 2683 amore

138 2708 275 2769 veritatis
297 2710 450 2769 imbuatur
466 2715 498 2769 ct
518 2708 660 2778 ducatur,
678 2716 812 2767 mentem
833 2710 995 2786 scriptoris
1012 2710 1091 2768 sacri
1110 2708 1216 2768 sedulo

136 2791 264 2871 adsequi
274 2803 414 2864 conetur,
424 2803 513 2871 atque
523 2793 660 2854 sublimis
671 2792 818 2852 doctrinae
830 2792 994 2870 spiritualis
1006 2791 1217 2870 intelligendae

136 2895 233 2958 capax
248 2879 409 2939 reddatur:
422 2901 437 2936 u
453 2878 600 2939 Animalia
620 2887 721 2938 autem
733 2877 825 2938 bomo
845 2895 907 2939 non
928 2878 1060 2957 percipit
1079 2894 1130 2948 ea,
1148 2895 1217 2957 quae

136 2982 154 3021 n
167 2972 238 3024 sunt
246 2964 376 3042 Spiritus
388 2965 593 3026 Dcizstultitia
602 2962 798 3032 enimestilli‚
809 2970 841 3022 ct
854 2980 915 3023 non
926 2971 1026 3043 potest
1041 2963 1217 3044 intelligere

135 3074 153 3111 x
168 3053 237 3128 quia
248 3052 445 3128 spiritualiter
455 3054 642 3112 examinatur
654 3072 669 3108 n
682 3050 716 3128 (l
729 3049 867 3112 Corinth.
879 3051 912 3121 2,
927 3052 992 3127 iti.
1003 3051 1101 3127 Quam
1111 3070 1218 3113 verum

132 3138 177 3200 sit
187 3136 245 3195 boe
258 3135 379 3196 ellatum
391 3138 428 3196 Ι).
442 3137 527 3198 Pauli
544 3135 778 3215 comprobarunt
791 3135 904 3195 Deistte
917 3143 1087 3195 nostrorum
1099 3144 1217 3215 tempo·

133 3242 214 3292 rum,
228 3232 259 3283 et
268 3223 463 3301 imprimisD.
474 3223 512 3285 de
522 3222 660 3283 Voltaire
669 3222 702 3282 in
718 3221 780 3282 suis
790 3222 947 3300 flagitiosis
966 3221 1085 3290 Ba’btiis,
1101 3221 1217 3281 tuamen

134 3310 316 3388 impiissime
325 3310 479 3387 eepttcutis
489 3305 663 3387 (Bibteenfin
671 3307 817 3388 eaptipute
824 3305 1033 3386 perplacitum
1042 3307 1216 3369 Aunmniert

173 3482 278 3541 Tertia
290 3483 424 3543 conditio
443 3490 490 3543 est
508 3479 600 3543 animi
619 3479 792 3542 humilitas:
805 3496 875 3541 nam
889 3499 905 3536 u
918 3479 1001 3540 Deus
1018 3476 1159 3558 superbis
1169 3492 1217 3536 re·

137 3585 154 3622 n
166 3566 261 3636 sistit,
275 3565 438 3628 humilibus
448 3576 548 3628 autem
561 3568 613 3628 dat
623 3567 751 3643 gratiam
761 3587 776 3622 n
788 3565 870 3640 (Jac.
881 3565 914 3634 t,
929 3563 975 3640 6).

172 3653 285 3729 Quarta
297 3654 432 3714 conditio
445 3663 491 3714 est
503 3655 571 3731 luga
584 3655 706 3733 spiritus
722 3652 881 3721 novitatis,
893 3659 925 3711 et
939 3650 1042 3710 nimiae
1055 3646 1218 3727 praedilec-

136 3738 227 3798 tionis
248 3740 453 3815 antiquorum
476 3755 562 3799 secus
578 3739 661 3798 enim
679 3738 830 3798 sententia
847 3736 947 3813 aliqua
963 3736 1057 3796 solius
1071 3733 1218 3793 novitatis

136 3830 188 3882 aut
204 3823 392 3901 antiquitatis
402 3839 505 3895 causa,
520 3840 582 3884 non
597 3822 774 3903 ponderatis
787 3821 972 3892 rationibus,
992 3820 1172 3900 probabitur
1181 3835 1217 3878 ac

136 3927 282 3970 vicissim.

172 3995 287 4071 Quinta
304 4002 350 4057 est
369 4012 467 4068 amor,
494 3994 653 4056 aestimatio
676 4012 712 4055 ac
735 3992 892 4054 veneratio
913 3992 1078 4071 scripturae
1101 4005 1214 4052 sacrm:

137 4099 153 4136 α
167 4080 260 4141 amari
270 4082 352 4160 prius
362 4081 456 4142 debet
468 4097 553 4142 sacra
562 4081 716 4160 Scriptura
725 4095 816 4157 quam
825 4077 914 4150 disci,
925 4079 967 4139 ait
976 4079 1006 4140 S.
1019 4077 1214 4158 Augustinus,
