2708 4846
109 528 111 532 ,
136 479 189 541 Ὢ
561 479 607 530 ue
619 476 833 529 ulvrulrare

150 580 332 664 sapientiam
343 574 524 640 sectabatur
538 575 647 637 Sedan
660 590 747 635 exeo
761 568 1236 650 sequitur.1llosalrorumpopn-

150 671 250 732 lorum
260 667 364 728 odium
379 669 629 743 accontemptnm
640 660 763 723 edoctos
774 659 1024 722 luisseilidicant
1036 657 1126 718 nobis
1138 658 1237 719 Natu·

52 765 56 772 ·
150 755 272 826 ralistae,
277 749 561 819 utrrnnchristiani,
570 743 1131 827 eoquodioedereparticulariabaliis
1138 760 1236 823 popu-

149 841 188 902 lis
199 843 410 909 secernantur,
424 852 531 897 verum
543 836 655 908 Dema,
669 848 834 910 verumque
849 830 914 911 ejus
926 829 1041 891 cultum
1051 836 1235 906 sequantur,

105 916 117 938 ⁴
137 925 221 1003 ,ideo
233 940 338 986 omnes
348 923 423 987 alios
433 922 560 1003 populos
578 922 649 983 odio
664 938 700 982 ac
713 919 902 997 contemptui
916 915 1032 978 habere
1048 917 1235 978 doceanturi

184 1012 217 1074 2⁰
231 1013 357 1074 Denter.
372 1011 424 1083 25,
443 1009 532 1071 leae
549 1007 693 1087 equidem
707 1008 822 1088 legitur
834 1025 843 1065 ε
857 1026 873 1064 ιι
885 1006 954 1066 Non
971 1003 1135 1065 faenerabis
1147 1003 1234 1067 fratri

149 1119 166 1157 a
179 1105 230 1160 tuo
239 1098 278 1159 ad
288 1114 408 1160 usmam
419 1097 594 1176 pecuniam,
604 1113 664 1158 nec
676 1095 794 1174 fruges,
803 1110 862 1154 nec
871 1091 1038 1170 quamlibet
1047 1091 1139 1151 aliam
1151 1109 1233 1153 rem:

149 1183 233 1245 »sed
243 1184 355 1246 alieno.
369 1185 468 1245 Fratri
482 1189 584 1245 autem
594 1189 647 1244 tuo
659 1182 774 1260 absque
786 1195 890 1251 uisura,
903 1178 937 1238 in
949 1194 1008 1255 quo
1021 1177 1142 1257 indiget
1152 1194 1232 1240 com·

150 1269 326 1330 »modabis
350 1290 368 1326 ιι

184 1355 243 1415 Ast
252 1371 324 1414 num
332 1355 429 1425 Deus,
439 1356 488 1414 cui
497 1369 671 1432 supremum
679 1353 711 1412 in
722 1367 827 1412 omnes
839 1366 889 1411 res
899 1348 1080 1420 dominium',
1091 1348 1233 1412 Hebraeis

149 1437 222 1501 dare
232 1456 294 1501 non
304 1440 419 1518 potuit,
430 1440 511 1516 quod
520 1440 561 1498 ob
574 1446 678 1499 mutuo
691 1437 792 1499 datam
803 1437 965 1515 pecuniam
980 1435 1018 1495 ab
1029 1436 1143 1496 exteris
1154 1437 1232 1502 ultra

147 1532 261 1589 sortem
283 1525 495 1604 accipiebant?
514 1527 597 1587 Deus
616 1524 734 1586 vicinos
754 1523 882 1602 populos
903 1522 1080 1584 idololatras
1097 1525 1233 1602 regionis

79 1679 89 1697 ⁶
148 1608 434 1674 Chanaandudaers
425 1611 604 1672 interimere
612 1615 817 1689 praeceperat
828 1609 1067 1669 anmirumeum
1080 1608 1232 1686 ipsisusu

142 1697 235 1757 'ram
225 1715 259 1758 ιιι
278 1685 371 1759 hosce
383 1698 517 1777 populos
538 1697 730 1776 permisisse?
747 1695 909 1772 Quisvero
931 1695 1031 1766 dicet,
1054 1712 1094 1754 cx
1114 1696 1232 1757 licitate

148 1798 246 1844 usurae
255 1783 383 1863 praecise
396 1798 484 1862 sequi
474 1782 676 1862 populorum
688 1782 934 1861 oppressionem?
949 1782 1030 1842 Num
1038 1779 1197 1883 Europaei·
1198 1799 1232 1843 se

146 1875 251 1931 mutuo
262 1869 450 1949 opprimunt,
463 1869 556 1931 dum
545 1869 633 1949 Justis
644 1869 683 1930 de
700 1870 798 1930 causis
810 1869 852 1929 ob
869 1876 973 1928 mutuo
986 1867 1071 1929 datas
1086 1870 1232 1947 pecunias

146 1954 1233 2035 aliquidultrasortemrecipiuntiNumoppressiopopulorumsequitur

147 2043 266 2120 exlege
282 2043 446 2122 principis,
462 2043 495 2101 vi
510 2042 563 2102 alti
580 2043 627 2103 sui
642 2041 769 2102 dominii
786 2043 820 2100 in
836 2042 917 2102 bona
931 2041 1137 2114 subditorum,
1149 2050 1186 2102 ut
1199 2045 1232 2106 iu

146 2127 390 2207 praescriptione,
404 2129 444 2188 ob
455 2128 569 2188 bonum
581 2128 737 2206 pubhcum
748 2128 864 2204 aqumd
874 2129 953 2189 ultra
966 2135 1079 2189 sortem
1090 2145 1231 2209 accrpere

144 2213 368 2309 permittentis?
378 2215 440 2274 Sed
451 2213 601 2292 quomodo
617 2215 1003 2292 probarentNaturalistae‚
1019 2216 1176 2294 aliquem'
1163 2235 1231 2293 Jure

145 2290 260 2358 naturae
272 2298 417 2378 obligari
428 2300 477 2371 ad,
489 2301 709 2372 sineutilitate‚
720 2302 1112 2364 seuusuralatiorissensus
1120 2322 1232 2382 ‚pecu-

145 2381 212 2442 nias
223 2399 292 2443 suas
302 2391 406 2443 mutuo
419 2385 533 2446 dandas
540 2403 603 2446 non
611 2386 766 2447 dumtaxat
776 2388 975 2467 pauperibus,
984 2388 1039 2449 sed
1052 2390 1145 2450 etiam
1153 2389 1231 2452 divi-

22 2555 26 2561 ·
145 2464 227 2527 tibus
240 2474 272 2527 et
281 2469 517 2543 mercatoribus
527 2488 554 2530 ιι
545 2469 660 2548 Justus
671 2474 757 2534 adest
765 2475 894 2533 titulus?

180 2550 214 2609 5⁰
229 2552 331 2613 Judaei
348 2553 492 2630 equidem
507 2571 612 2615 omnes
629 2554 817 2617 Chananaeos
833 2556 1063 2617 exterminare
1049 2559 1124 2634 Jussi
1141 2569 1228 2633 sunt3

144 2634 200 2697 sed
211 2636 288 2700 ahos
297 2638 425 2718 populos
436 2638 519 2700 bello
527 2639 710 2701 lacessere
688 2657 728 2699 ns
736 2639 865 2700 vetitum
877 2648 951 2701 erat
965 2642 1042 2719 lpsrs
1051 2660 1125 2705 vero
1134 2645 1230 2708 laces-

144 2720 212 2783 sitis
232 2722 348 2801 regulae
370 2723 587 2785 moderationis
613 2725 799 2804 praescriptae
824 2732 920 2786 erant.
946 2727 1108 2805 Apostatas
1131 2739 1229 2792 morte

145 2806 254 2883 punire
269 2825 305 2869 ac
316 2807 510 2870 idololatrae
500 2818 581 2871 inter
592 2828 626 2871 se
637 2808 719 2871 haud
729 2811 861 2870 tolerare
876 2811 1042 2872 debebant.

181 2893 228 2953 De
237 2893 472 2955 exterminandis
482 2895 661 2958 Chananaeis
670 2896 774 2974 (Num.
787 2897 839 2968 55,
852 2896 958 2974 dudd)
967 2898 1093 2977 legitur:
1102 2921 1119 2958 o
1130 2903 1229 2965 Locu-

146 2983 224 3039 »ltus
240 2984 287 3039 est
304 2979 451 3050 Dominus
473 2979 511 3039 ad
532 2982 659 3058 Moysen
672 3000 680 3039 z
693 2982 831 3061 Praecipe
855 2981 926 3043 filiis
944 2985 1052 3056 lsrael,
1071 2993 1104 3046 ct
1123 2987 1229 3049 dicad

145 3078 226 3125 aeos
238 3061 381 3140 :qnando
394 3065 576 3126 transieritis
589 3066 770 3139 Jordanem,
785 3067 934 3131 intrantes
944 3076 1056 3131 terram
1067 3071 1228 3147 Cbanaan,

145 3168 162 3206 ιι
175 3147 342 3228 disperdite
353 3158 478 3213 cunctos
490 3151 678 3214 habitatores
688 3161 778 3214 terrae
790 3154 873 3215 illius
886 3175 893 3214 :
908 3155 1093 3236 confringite
1106 3161 1227 3233 titulos,

145 3254 162 3292 ιι
175 3243 208 3297 et
216 3242 329 3298 statuas
337 3238 550 3308 comminuite,
563 3246 654 3316 atque
660 3240 762 3300 omnia
774 3241 893 3301 excelsa
906 3250 1036 3315 vastate,
1047 3245 1228 3309 mundantes

145 3327 301 3394 »terram
315 3329 347 3382 et
357 3322 529 3385 habitantes
541 3326 574 3384 in
586 3342 638 3397 ea,
656 3326 811 3402 egoenim
827 3326 901 3387 dedi
913 3331 1001 3390 vobis
1012 3331 1098 3391 illam
1112 3334 1145 3394 in
1159 3352 1228 3412 pos

145 3422 162 3461 ιι
172 3405 349 3467 sessionem
363 3405 463 3480 Quam
477 3405 623 3466 dividetis
636 3408 724 3467 vobis
739 3415 838 3481 sorte,
856 3410 994 3488 pluribus
1011 3413 1125 3476 dabitis
1141 3415 1229 3477 latio·

145 3504 253 3562 rem,
264 3494 297 3550 et
306 3504 411 3568 paucis
421 3491 636 3568 angustiorem.
651 3491 786 3571 Singulis
800 3501 836 3553 ut
851 3512 915 3558 sors
931 3496 1094 3571 ceciderit,
1111 3502 1156 3561 ita
1172 3502 1228 3562 tri-

146 3573 468 3645 »bueturbaereditas
480 3577 1160 3660 partribusetiamiiiaspossessiodividetur.
1172 3588 1227 3649 Sin

146 3668 275 3724 »autem
284 3659 445 3722 nolueritis
453 3659 627 3724 interficere
639 3664 826 3728 habitatores
837 3675 948 3727 terrae
960 3685 1015 3744 qui
1024 3675 1227 3735 remanserint

145 3756 262 3808 senmt
272 3746 361 3810 vobis
373 3745 573 3826 quasiclavi
563 3767 597 3810 m
614 3751 726 3823 oculis,
739 3758 771 3811 et
779 3751 919 3814 lanceae
909 3770 942 3812 ιιι
953 3752 1114 3828 lateribus,
1129 3765 1161 3817 et
1171 3759 1227 3820 ad·

145 3832 954 3901 »versabuntrnvobisinterrababitationisvestre.
965 3841 1226 3966 etquidquidillis

145 3917 379 3996 »cogitaveram
387 3919 504 3992 tacere,
517 3920 606 3983 vobis
617 3923 734 3984 faciam.
749 3944 765 3980 ι

181 4000 227 4062 lix
247 4004 357 4098 quibus
378 4006 476 4084 liquet
508 4005 636 4083 Moysen
661 4002 946 4074 exterminationem
965 4015 1221 4090 chananaeorum,

146 4084 433 4172 occupationemque
450 4105 555 4153 eorum
573 4092 708 4173 regionis
723 4093 863 4160 derivare
879 4112 917 4160 ex
929 4096 989 4161 alto
1004 4099 1088 4166 Dei
1078 4101 1222 4165 invitam
