2708 4846
461 461 641 512 attauhun
660 462 857 511 sacaoauu.
1155 459 1202 510 att

119 552 188 633 phi;
199 568 228 611 c.
241 549 268 617 l,
282 549 329 618 53,
344 549 462 610 dixerat
473 553 577 611 lesum
590 560 771 631 conceptum
781 568 847 612 esse
860 550 899 610 dc
912 552 1026 631 Spiritu
1038 558 1152 612 saneto.
1167 581 1199 594 -

120 635 201 697 Dicit
221 633 307 692 illum
321 633 412 694 tuisse
430 632 525 710 filiurn
538 635 621 706 Heli,
635 636 668 696 id
689 643 735 695 est
755 642 915 713 nepotem
936 635 1096 712 scriptores
1119 636 1201 695 enim

120 719 199 780 sacri
216 724 248 778 et
267 716 386 797 protana
407 736 518 778 nomen
539 718 595 778 filii
616 719 778 798 nepotibus
807 719 981 795 frequenter
1002 720 1147 779 tribuunt.
1166 751 1199 764 -

121 804 258 872 Constat,
269 802 392 861 nomina
404 803 529 875 lentim,
541 803 684 874 Jooehim,
697 802 842 862 [latiatim
851 820 886 864 ae
896 821 952 883 per
964 805 1201 864 contractionem

121 886 200 956 nott,
210 888 244 946 iu
256 886 419 965 scripturis
431 889 524 949 sacris
534 905 700 965 synonyma
708 904 789 958 essc;
803 904 895 964 quare
905 906 974 949 cum
985 889 1075 948 etiam
1085 896 1203 949 constet

122 987 161 1032 cx
173 969 342 1049 Evangelio
355 972 526 1051 apocrypho
540 972 648 1031 Jacohi
662 979 693 1030 et
705 972 871 1031 nativitatis
882 973 997 1042 Mariae,
1009 989 1047 1031 ex
1058 973 1202 1033 Thalmu-

121 1054 228 1124 distis,
243 1060 275 1114 et
288 1070 326 1113 ex
336 1053 499 1115 traditione
518 1054 660 1115 Ecclesiae
673 1056 787 1115 latinae
801 1072 836 1116 ac
854 1056 985 1125 Graecae,
998 1055 1137 1115 loachim
1149 1073 1204 1117 seu

123 1138 196 1198 lleli
205 1145 323 1217 patrem
332 1136 423 1197 luisse
436 1141 541 1198 Mariae
551 1139 688 1216 virginis,
699 1147 781 1216 patet
795 1141 899 1200 lesum
911 1138 1075 1199 secundum
1092 1141 1204 1200 Lucam

122 1222 216 1283 luisse
234 1220 330 1280 lilium
349 1238 403 1282 seu
422 1231 566 1301 nepotem
582 1252 620 1282 m
643 1224 729 1293 lleli,
749 1231 780 1283 et
805 1225 918 1284 Lucam
934 1224 1069 1283 scribere
1087 1221 1204 1286 directo

122 1305 337 1386 genealogiam
347 1306 452 1365 Mariae
463 1306 536 1384 quin
548 1308 714 1386 losephum
725 1314 758 1366 ut
769 1323 915 1386 genenrm
928 1307 999 1366 Heli
1011 1313 1129 1367 statuat.

159 1389 194 1451 Υ
203 1391 300 1451 Lucas
312 1389 345 1450 in
356 1406 409 1450 sua
421 1390 601 1470 genealogia
610 1392 771 1452 ostendere
791 1391 924 1452 intendit
939 1393 1045 1452 Jcsum
1056 1408 1074 1451 a
1087 1394 1205 1456 Davide

124 1473 331 1545 descendera3
346 1492 373 1536 c.
389 1474 426 1546 5,
440 1476 492 1546 25,
507 1493 648 1555 expresse
665 1479 708 1537 ait
734 1477 900 1555 Josephum
919 1476 999 1538 illius
1011 1485 1127 1557 patrem
1143 1497 1205 1541 non

126 1575 212 1629 asset
226 1559 378 1636 quomodo
396 1575 468 1637 ergo
486 1561 596 1621 eodem
613 1579 704 1621 versu
721 1563 917 1623 conformiter
937 1579 1027 1641 scopo
1044 1580 1098 1622 suo
1120 1564 1204 1641 loqui

125 1645 274 1728 potuisset
285 1643 325 1706 de
335 1643 499 1721 majoribus
510 1648 661 1726 Josephit
677 1648 810 1724 loquitur
826 1648 918 1724 igitur
933 1647 973 1707 de
991 1649 1067 1707 lesu
1085 1650 1205 1725 quando

126 1731 171 1792 ait
184 1749 192 1789 τ
205 1731 325 1791 letus...
338 1731 390 1808 qui
399 1728 455 1807 fiat
467 1729 543 1791 Heli.

162 1813 195 1873 δ’
210 1814 337 1875 Paucis:
349 1816 444 1875 Lucas
459 1822 585 1875 testatur
600 1812 651 1890 (c.
661 1814 690 1883 ὅ,
700 1814 737 1872 23
747 1814 769 1888 ),
784 1813 951 1892 Josephum
963 1814 1076 1876 ChrIsti
1090 1823 1206 1894 patrem

126 1915 189 1959 non
199 1914 278 1968 esso,
289 1897 464 1958 vulttamen
477 1897 639 1958 ostendere
649 1899 753 1957 Jesum
763 1913 780 1956 a
789 1895 906 1956 Davidc
918 1897 1106 1958 descendere
1114 1919 1121 1970 ;
1136 1918 1208 1960 con-

127 1989 293 2060 sequenter
303 1998 365 2040 non
377 1982 484 2042 debuit
495 1982 534 2042 de
546 1981 681 2060 Josephc
703 1988 736 2040 ut
749 1997 864 2059 genero
878 1980 949 2039 lleli
966 1981 1048 2058 loqui
1056 2001 1064 2051 ;
1079 1983 1207 2061 proinde

127 2086 191 2131 nou
208 2068 298 2138 iecit3
312 2085 382 2129 cum
393 2085 481 2129 secus
495 2075 600 2130 contra
620 2086 706 2128 suum
722 2085 846 2146 scopum
859 2068 985 2144 egisset,
999 2069 1080 2146 quod
1095 2069 1208 2129 adstrui

129 2172 191 2215 non
244 2159 315 2214 test.

165 2171 244 2299 gg}
264 2237 432 2298 admittitur
446 2239 559 2298 Lucam
576 2238 692 2297 directe
709 2235 870 2296 ostendere
884 2235 1033 2312 quomodo
1052 2239 1139 2298 Jesus
1154 2255 1211 2317 per

130 2324 238 2384 Mariae
247 2321 376 2400 majores
389 2339 406 2382 a
417 2323 534 2383 Davide
545 2323 719 2394 descendat,
731 2323 822 2382 etiarn
836 2321 951 2382 lucilius
963 2323 1145 2400 intelligitur
1157 2342 1211 2386 cur

130 2410 230 2471 Lucas
240 2407 452 2487 genealogiam
466 2425 548 2470 suam
565 2410 604 2469 ab
616 2409 743 2477 Adamo,
757 2407 849 2467 immo
867 2408 904 2466 ab
923 2408 988 2486 ipso
1003 2407 1067 2468 Deo
1080 2418 1209 2487 repetat,

132 2493 214 2572 qnod
224 2493 278 2553 vix
289 2493 460 2571 concipitur
471 2494 497 2552 si
508 2493 701 2571 supponitur,
714 2493 801 2550 illum
814 2490 954 2550 derivare
975 2493 1079 2551 mnriae
1096 2512 1211 2570 genea-

132 2578 247 2658 logiam
266 2577 416 2637 aDavidc
437 2577 612 2656 incipiendo
631 2593 647 2634 a
675 2575 935 2653 Josopho,que1n
959 2574 1074 2635 Christi
1095 2587 1211 2652 patrem

131 2664 303 2727 naturalem
312 2680 377 2724 esse
390 2664 540 2743 expressis
553 2662 655 2720 verbis
670 2667 772 2737 negat.

299 2796 315 2866 s
325 2798 521 2846 tamt-Dc
532 2796 611 2844 trihus
620 2793 855 2842 'l'essaradccadlhus
865 2792 982 2852 nattuaei,
992 2806 1014 2840 c.
1028 2793 1050 2839 l.

168 2917 245 2973 itio·
260 2912 324 2992 ooj.
340 2911 514 2982 Matthaeus,
528 2912 611 2970 aiunt
622 2908 745 2977 heistre,
758 2907 906 2967 adlectate
920 2914 950 2965 ct
963 2925 1018 2986 pcr
1030 2906 1072 2967 sas
1085 2915 1116 2968 et
1132 2910 1214 2969 nelos

132 2998 290 3078 componit
299 3006 360 3058 tres
370 2996 613 3058 tessaradecades
623 2995 662 3054 ab
671 2993 842 3053 abrahamo
854 3010 946 3068 usquc
958 2993 995 3052 ad
1006 2993 1171 3065 Christum;
1182 2997 1214 3056 iu

131 3083 269 3148 soeuuda
285 3082 513 3144 tessaradecade
535 3081 647 3141 omittit
663 3088 725 3140 tres
743 3078 972 3157 generationes,
989 3085 1020 3136 et
1035 3075 1221 3140 lechoniam'

132 3170 346 3235 hisnumerat.

170 3256 261 3332 Rcap.
285 3252 372 3312 Nihil
396 3250 539 3311 adsectati
557 3259 646 3328 atquc
664 3266 721 3327 per
741 3247 784 3308 lus
807 3248 950 3325 nefasque
971 3249 1168 3327 compositum
1184 3251 1217 3311 in

132 3340 317 3421 genealogia
333 3338 469 3399 Matthaei
482 3355 565 3406 esse,
580 3355 617 3397 cx
634 3337 696 3397 sola
717 3334 780 3412 ejus
791 3334 924 3394 lectione
937 3341 1028 3412 patet.
1043 3335 1218 3412 Composuit

133 3423 299 3487 ldatthaeus
325 3428 386 3482 tres
412 3421 654 3482 tessaradecades
680 3421 718 3479 ad
739 3419 889 3497 triplicem
914 3419 1088 3478 Judaeorum
1108 3427 1216 3479 statum

134 3506 374 3586 designandum,
387 3523 446 3584 quo
460 3506 575 3565 lucilius
586 3505 731 3564 memoria
743 3510 914 3575 teneretur;
928 3504 1040 3582 primus
1052 3512 1154 3573 status,
1165 3505 1217 3581 qui

134 3591 278 3655 continet
302 3591 515 3668 generationes
541 3589 782 3648 Patriarcharum
806 3605 841 3647 ac
865 3589 1022 3658 Judicmn,
1044 3589 1152 3666 incipit
1179 3590 1217 3648 ab

133 3674 331 3746 Abrahamo,
349 3683 382 3735 et
401 3675 513 3735 desinit
530 3673 567 3733 ad
580 3673 744 3742 Davidem
760 3673 920 3741 secundus,
935 3673 986 3748 qui
1006 3674 1218 3749 generationes

134 3760 259 3840 Itogum
276 3760 497 3836 complectitur,
516 3757 704 3816 asalomoue
725 3756 883 3817 exordium
895 3756 993 3828 ducit,
1007 3764 1038 3814 et
1057 3756 1169 3816 desinit
1181 3758 1219 3818 ud

134 3858 247 3925 rugum
263 3844 401 3913 Joalim;
422 3843 530 3903 tertius
543 3857 631 3910 vero,
645 3842 696 3919 qui
712 3841 923 3918 generationes
940 3843 1055 3901 Ducum
1068 3851 1099 3900 ct
1113 3843 1221 3903 Sacer·

134 3930 246 3993 dotum
257 3928 504 4007 comprehendit,
515 3927 653 4005 incipito
671 3927 820 3987 lechonia
834 3934 864 3986 et
876 3927 988 3986 desinit
1001 3926 1039 3986 ad
1057 3927 1220 3990 Christum.

173 4014 340 4079 Hatthaeus
351 4015 456 4093 utiquc
468 4013 569 4072 omisit
585 4012 667 4072 inter
685 4013 788 4072 Joram
802 4019 833 4071 ct
850 4011 937 4073 Ozias
953 4018 1013 4074 tres
1026 4029 1131 4092 reges3
1152 4032 1221 4075 narn
