2708 4846
459 488 648 541 brenensi!
662 488 859 541 dedoltllll.
1163 487 1193 541 tl

153 567 198 653 len
210 581 246 643 eb
255 572 345 642 initio
360 580 477 643 Ademo
489 575 584 656 datae,
597 580 629 644 et
641 600 697 664 per
708 582 861 647 Christum
872 580 945 644 dein
955 579 1193 645 luculentissime

156 670 264 741 tradita,
277 685 370 730 unam
379 668 560 749 religionem
571 671 742 743 constitnit,
759 672 896 749 sequitur
910 667 1092 749 religionem
1107 675 1194 729 natu-

155 753 236 827 blm,
255 752 331 816 licet
350 770 370 815 a
388 755 453 816 Deo
472 756 650 836 prolectam,
665 772 722 835 per
733 773 766 817 se
778 756 943 835 perfectam
954 762 985 815 et
996 752 1195 815 subdentem

157 833 286 909 hnlzcsse
303 847 454 921 oportere.
474 840 536 903 Sed
547 842 613 919 quis
625 840 705 903 dixit
716 844 753 903 D.
767 841 904 914 Tindall‚
915 841 1096 921 religionem
1106 846 1195 901 natu-

156 924 227 987 ralem
237 933 307 987 ante
324 926 441 1007 lapsrnn
460 935 707 1007 protoparentum
728 946 782 989 suo
803 926 893 989 modo
911 927 1087 1006 perfectam,
1107 933 1139 987 ct
1155 926 1195 989 ad

154 1004 222 1072 ineu
235 1011 434 1074 sufficientem
454 1030 515 1073 non
527 1014 637 1074 luisse?
653 1014 712 1074 Per
729 1013 1009 1094 praevaricationem
1028 1011 1195 1091 primorum

152 1104 284 1173 patenum
293 1098 467 1159 intellectus
475 1097 606 1159 bominis
618 1098 802 1171 obscuratus,
818 1105 850 1160 et
858 1098 995 1160 voluntas
1007 1097 1196 1177 passionibus

148 1181 246 1259 fibla,
260 1198 297 1243 ac
308 1182 348 1243 ad
356 1183 467 1243 malum
479 1185 643 1264 proclivior
655 1187 732 1246 lacta
745 1192 800 1246 est.
814 1182 946 1245 Proinde
959 1190 1069 1264 etpost
1080 1181 1196 1263 lapsum

144 1274 372 1347 {comparentem
382 1269 485 1329 lumen
497 1270 633 1331 naturale
646 1271 685 1331 ad
696 1269 789 1330 finem
799 1269 931 1331 bominis
943 1286 1004 1331 non
1014 1269 1195 1351 estamplius

142 1353 262 1437 perime
273 1352 425 1415 sufficiens
437 1356 542 1432 (Conl.
555 1374 585 1415 n.
600 1356 646 1427 66,
660 1374 739 1437 resp.
753 1357 800 1432 2).
1187 1435 1190 1441 Ι

167 1438 193 1498 ⁷.
206 1441 238 1499 Si
250 1441 287 1500 D.
300 1439 424 1499 Tindall
437 1441 533 1502 cultos
544 1443 715 1520 Europaeos,
723 1443 831 1505 molles
840 1443 997 1513 Asiaticos,
1007 1441 1086 1503 leros
1095 1442 1192 1517 Afros,

137 1522 324 1586 Americanos
343 1526 529 1605 popedosque
546 1527 708 1605 sylvestres
727 1528 930 1600 observasset,
943 1529 1107 1609 reperisset
1121 1529 1195 1590 reli·

135 1609 262 1688 tionem,
277 1627 374 1688 apuam
387 1614 447 1691 ipsi
465 1613 636 1673 naturalem
654 1613 774 1687 dicunt,
787 1632 848 1675 non
866 1630 932 1676 esse
944 1630 1034 1673 unam
1047 1614 1195 1676 eamdem-

133 1710 200 1773 que,
212 1698 342 1777 proinde
356 1698 436 1758 baud
448 1698 658 1760 universalem.
669 1700 716 1759 Ex
727 1699 811 1759 hisce
825 1699 906 1759 enim
918 1697 1037 1775 populis
1047 1698 1101 1756 olii
1112 1698 1193 1776 plus,

130 1780 181 1843 alti
197 1784 299 1845 minus
319 1783 360 1843 de
381 1785 532 1862 religione
551 1785 680 1844 naturali
700 1792 842 1856 noscunt,
857 1784 910 1843 alii
930 1783 1033 1862 populi
1049 1783 1134 1843 licita
1145 1784 1195 1844 vel

128 1863 234 1928 illicita
243 1868 402 1940 adserunt,
417 1886 483 1946 quae
497 1869 549 1928 alii
562 1869 669 1929 illicita
681 1869 732 1930 vel
748 1869 833 1929 licita
845 1868 981 1928 eredunt.
996 1869 1041 1926 Ex
1057 1872 1119 1944 'quo
1131 1869 1194 1929 solo

128 1951 339 2015 insufficientia
354 1953 477 2015 luminis
489 1954 633 2015 naturalis
645 1961 741 2031 patet·
753 1954 881 2032 Indigne
894 1952 933 2013 dc
944 1954 1009 2012 Deo
1022 1954 1129 2026 sentit,
1143 1954 1195 2031 qui

129 2038 279 2099 existivnat
293 2040 381 2098 illum
390 2058 451 2099 nou
464 2057 551 2119 posse
563 2039 615 2100 vel
623 2040 740 2100 nationi
751 2040 892 2118 integrae,
915 2039 966 2100 vel
978 2039 1128 2116 aliquibus
1139 2040 1196 2100 ho-

125 2123 259 2186 uinibrs
274 2124 342 2186 sive
359 2142 415 2204 per
428 2125 644 2185 revelationem
656 2125 832 2204 specialem,
845 2125 911 2185 sive
923 2141 979 2203 per
991 2132 1126 2185 naturam
1134 2143 1195 2187 ma·

125 2208 269 2272 nilestare
276 2209 512 2282 veritates,aliis
521 2211 699 2290 incognitas.
709 2211 742 2272 Si
750 2218 857 2290 gentes
866 2210 1003 2288 quaedam
1009 2213 1194 2274 revelatione

125 2301 197 2355 setn
211 2303 334 2367 carent,
355 2296 436 2355 Deus
455 2296 532 2367 illis,
554 2295 786 2374 hominibusque
807 2296 948 2375 singulis,
968 2296 1137 2375 quodinse
1150 2307 1195 2361 est

126 2378 324 2452 beientibus,
337 2380 418 2441 baud
432 2382 540 2442 deerit.

159 2462 190 2527 8.
208 2466 377 2527 Hominem
398 2467 430 2525 in
451 2473 529 2528 statu
547 2466 749 2541 innocentius,
767 2470 892 2546 Dcoque
913 2474 1084 2548 acceptum,
1103 2467 1194 2533 luisse

126 2549 297 2624 eondituvn,
309 2551 381 2612 dein
394 2568 466 2613 vero
478 2569 518 2612 ex
529 2552 588 2614 boc
599 2560 678 2613 statu
691 2553 854 2631 excidisse,
868 2553 1052 2615 admittetD.
1062 2556 1192 2629 Tindall,

125 2642 231 2715 utpote
249 2637 304 2714 qui
316 2638 500 2716 Scriptvuam
511 2655 625 2698 sacram
637 2646 670 2698 ut
681 2640 861 2699 Natvnalista
871 2637 1007 2700 biblicus
1018 2648 1192 2714 veneratur,

126 2718 266 2783 mantue
277 2738 352 2800 ergo
366 2725 472 2795 etiam,
487 2741 548 2783 non
561 2740 681 2803 semper
693 2723 832 2784 eumdem
844 2740 956 2783 nexum
967 2727 1064 2784 Deum
1075 2726 1155 2786 inter
1164 2737 1195 2787 et

126 2803 267 2869 hemines
285 2808 393 2880 lvdsse,
416 2816 447 2869 et
464 2827 525 2870 non
545 2810 682 2870 eamdem
700 2809 894 2888 religionem,
907 2827 976 2871 cum
987 2812 1067 2872 Deus
1079 2810 1194 2873 Adamo

123 2889 191 2970 im
200 2894 420 2957 revelationem
432 2896 581 2975 impertiri
594 2897 733 2975 dignatus
745 2897 794 2957 sit.

163 2978 194 3039 e.
211 2979 344 3040 Facilius
362 2989 408 3042 est
424 2982 566 3060 religioni
585 2983 725 3042 revelatae
738 2983 917 3062 simpliciter
929 2981 1021 3044 fidem
1032 2985 1193 3059 adhibere,

129 3078 222 3141 quam
236 3081 301 3141 quae
313 3073 450 3144 spectant
461 3068 572 3138 Deum,
586 3067 740 3126 bominem
754 3074 785 3126 et
795 3069 963 3146 proximum
976 3085 994 3127 e
1006 3069 1069 3128 solo
1081 3069 1195 3131 lumine

128 3148 262 3209 statuali
274 3164 390 3212 eruere.
399 3152 616 3213 adhibendum
627 3159 673 3212 est
681 3151 811 3211 studium
820 3152 852 3210 in
861 3152 1111 3229 cognoscendaao
1121 3155 1196 3230 diiu-

127 3231 261 3295 diernda
277 3236 428 3315 religione
445 3239 593 3309 revelata,
614 3246 644 3298 at
661 3236 755 3314 majus
773 3236 979 3297 adhibendum
992 3244 1037 3297 est
1048 3237 1193 3312 studium,

125 3321 297 3398 masmim
315 3322 348 3380 in
368 3322 459 3383 certis
476 3323 609 3395 casibus,
623 3323 662 3383 ad
675 3321 912 3400 dignoscendum
924 3337 959 3382 ae
971 3320 1195 3399 dijudicandum

126 3418 196 3481 quse
211 3413 284 3467 sunt
299 3406 378 3485 legis
390 3409 542 3469 naturalis.
558 3409 590 3467 Si
602 3408 789 3470 revelatione
802 3407 938 3468 destituti
950 3424 1050 3488 perse
1062 3427 1123 3470 non
1135 3417 1197 3470 tam

125 3488 218 3551 laude
230 3489 264 3551 in
276 3491 359 3552 illius
371 3494 589 3572 cognitionem,
600 3512 689 3572 quam
700 3495 730 3553 in
744 3495 903 3554 multorum
915 3503 1134 3575 praeceptorum
1145 3513 1197 3557 na-

125 3574 271 3639 turalium
281 3578 445 3657 pervenire
456 3587 594 3657 possunt,
608 3580 789 3640 iacientibus
800 3581 881 3657 quod
892 3581 925 3642 in
936 3599 970 3644 se
984 3591 1030 3644 est
1040 3584 1129 3655 Deus,
1144 3585 1196 3660 qui

116 3668 192 3725 uon
204 3669 250 3724 ost
264 3668 408 3741 acceptor
419 3681 628 3742 personarum,
639 3683 700 3726 non
714 3666 822 3726 deerit.

119 3752 126 3765 '
166 3746 212 3809 ld.
224 3750 319 3809 licet
337 3751 416 3810 Deus
435 3750 589 3811 bominem
606 3752 737 3812 maxime
749 3752 869 3832 diligat,
884 3755 1043 3831 omniaque
1062 3754 1102 3814 ob
1114 3772 1194 3817 snam

116 3834 122 3911 ξ
196 3830 206 3847 “
260 3832 633 3912 felicitatemquebominis
642 3838 802 3906 creaverit,
812 3839 1023 3906 etc.,insuniat
1032 3844 1193 3917 oportetD.

118 3932 124 3951 ··
166 3988 169 3993 ,
256 3919 303 3992 ‚si
320 3917 596 3994 existimet,Deum
604 3923 702 3983 virum
714 3922 894 4001 flagitiosum
904 3925 1011 3983 alodem
1020 3924 1087 3984 loco
1096 3942 1130 3986 ae
1137 3924 1196 4003 jus-

145 4072 151 4081 ¹
210 4000 346 4075 babere,
365 4005 650 4085 scelestissimoque,
664 4015 732 4086 post
751 4009 843 4068 vitam
862 4009 895 4066 in
908 4008 1030 4086 flagitiis
1042 4009 1107 4071 sine
1119 4014 1196 4075 resi-

116 4084 280 4191 Μ
299 4098 466 4179 peractam,
482 4094 566 4156 idem
586 4110 622 4158 ao
636 4094 800 4174 justissimo
816 4097 850 4159 in
861 4094 956 4159 altera
966 4097 1029 4161 vita
1040 4100 1193 4181 praemium
