2708 4846
146 447 193 497 tro
562 447 605 494 or
627 441 828 496 turueurm

184 540 266 602 t³Ea
276 555 342 618 quae
350 540 493 620 leguntur
502 538 547 616 (c
559 540 611 612 ib,
624 538 737 613 trs-eo),
750 544 782 598 et
792 531 972 614 expugnatio
980 527 1113 591 civitatis
1119 526 1243 595 Lesem

144 643 201 707 per
210 616 286 687 tilios
295 628 360 686 Dan
371 671 380 698 ‚
391 642 457 703 quse
469 642 535 704 cap.
548 625 598 697 te,
611 626 648 684 117
659 623 802 694 refertur,
818 618 940 680 nonnisi
955 623 1025 697 post
1036 617 1243 675 Josutemov-

144 721 207 772 tem
223 712 402 793 contigisse,
421 720 589 774 constater
601 713 657 772 lib.
674 713 751 789 Reg.
763 710 845 769 Mors
858 708 961 767 Josuae
974 703 1014 765 ab
1025 702 1098 782 {ipso
1114 702 1239 783 scripta

144 797 282 858 nonfuit.

180 885 252 940 136.
264 884 379 947 Prioris
391 885 551 946 sententiae
561 884 735 945 defensores
749 878 935 961 respondent
947 883 1125 956 argumento
1140 894 1149 936 ε

180 969 209 1028 t⁰
219 972 343 1030 Josuam
356 972 453 1049 ipsum
465 970 633 1050 hujusmodi
649 969 789 1049 phrasem
801 965 948 1027 adbibere
958 964 1109 1044 potuisse,
1121 978 1217 1042 quem·

141 1055 302 1118 admodum
315 1075 381 1117 eam
391 1057 531 1117 adhibuit
542 1057 702 1117 Matthaeus
711 1056 773 1132 (97,
785 1055 817 1124 8;
828 1053 878 1125 28,
892 1051 952 1129 te).

177 1143 209 1202 2⁰
224 1146 371 1206 Auctores
391 1151 663 1223 contemporaneos
680 1143 778 1203 adhue
797 1140 937 1219 adlegare
960 1145 1027 1199 acta
1049 1137 1205 1217 publicaet

140 1229 313 1292 authentica
325 1232 370 1292 sui
382 1231 543 1311 temporis,
554 1230 723 1309 praesertim
736 1228 773 1290 ad
787 1246 835 1288 res
850 1225 1102 1287 extraordinarias
1111 1222 1203 1287 confir·

139 1310 1200 1397 mandas‚iibrumJustorum,seuCanticorum,videriiuissecantium
1240 1376 1243 1391 ¹

140 1400 178 1461 od
191 1401 304 1462 dietu'm
313 1409 487 1480 portentum
504 1410 535 1463 et
547 1403 707 1462 victoriam
718 1398 916 1468 celebranda,
929 1396 1024 1458 verba
1036 1414 1102 1477 cap.
1118 1396 1163 1470 id,
1174 1394 1200 1457 ii
1241 1418 1243 1459 ι

140 1487 178 1549 ad
187 1488 282 1550 solem
297 1497 328 1548 et
346 1490 447 1548 lunam
463 1489 582 1568 poetica
600 1507 683 1559 ossc;
703 1491 729 1547 ll
747 1490 823 1564 Reg.
845 1488 876 1556 i,
895 1486 930 1545 ts
944 1483 1042 1545 adbuc
1059 1497 1199 1545 occurrero

138 1572 250 1635 librum
260 1578 430 1644 iustorum,
442 1574 601 1635 occasione
616 1574 728 1635 cantici
745 1573 783 1634 de
796 1581 893 1633 morte
907 1570 1005 1632 Saitiis
1018 1578 1050 1630 et
1063 1570 1198 1643 Jonatbe,
1239 1578 1243 1651 ζ

140 1662 171 1721 in
181 1653 389 1725 hiscc'duobus
399 1662 551 1721 dumtaxat
560 1661 635 1722 locis
644 1659 710 1721 fieri
720 1662 907 1721 mentionem
916 1657 955 1720 de
963 1658 1198 1731 librodustoruu.
1241 1656 1243 1675 ²

141 1755 171 1807 et
180 1750 341 1828 utrobique
351 1748 401 1826 agi
411 1748 449 1808 de
464 1748 593 1809 cantico.

175 1834 206 1894 5⁰
224 1837 336 1909 Airmt,
354 1838 478 1897 Josuam
499 1836 596 1914 ipsum
616 1835 682 1896 bace
704 1834 854 1912 aliquibus
877 1833 964 1895 annis
984 1840 1054 1913 post
1074 1838 1199 1897 eventum

138 1923 273 1983 scribere
285 1924 429 2002 potuisse,
442 1928 493 1981 aut
504 1920 597 1981 alium
607 1929 759 1982 auctorem
772 1920 838 1980 buce
848 1919 995 1998 adjicere;

174 2010 206 2068 δ”
217 2011 318 2069 Verba
332 2029 340 2068 :
354 2012 465 2070 Dentes
480 2010 550 2077 Dei,
569 2016 600 2069 et
615 2009 693 2069 iocus
710 2026 791 2087 quem
802 2007 944 2069 Dominus
962 2005 1045 2085 etepit
1058 2008 1200 2088 designare

139 2096 380 2162 tabernaculum,
393 2101 444 2153 aut
458 2111 556 2152 arcam
570 2094 702 2153 Domini.

175 2179 206 2238 5⁰
220 2179 345 2245 Dicunt,
359 2177 425 2237 hacc
439 2178 477 2236 ab
490 2178 549 2236 alio
560 2177 767 2256 hagiograpbo
780 2180 889 2259 'postea
908 2196 972 2239 esse
987 2178 1104 2253 addita,
1121 2194 1201 2245 cunta
1225 2206 1231 2223 ·

139 2265 231 2325 Josue
240 2270 358 2322 mortuo
373 2262 466 2322 scribi
479 2262 684 2338 nequiverint.
1163 2280 1168 2289 ·

248 2396 380 2465 §xxm
390 2424 419 2434 -
429 2397 503 2447 Liber
513 2399 586 2448 Josue
597 2400 683 2448 saltem
694 2413 727 2447 cx
737 2402 891 2451 documentis
901 2403 990 2452 coaevis
1000 2405 1105 2455 conset.

177 2520 248 2575 ¹57.
260 2519 376 2578 Verum
385 2519 409 2579 si
420 2517 561 2579 bicliber
576 2518 690 2598 abipso
705 2522 797 2581 Josuc
809 2524 839 2580 in
849 2530 1029 2600 presentem
1040 2532 1147 2586 statum
1154 2536 1204 2586 non

140 2612 186 2664 cst
195 2605 348 2676 redactus,
364 2621 400 2664 es
411 2604 600 2666 documentis
613 2613 713 2667 tamen
722 2608 815 2686 gestis
829 2609 939 2669 coaevis
949 2618 1080 2682 constat;
1093 2628 1162 2673 nam

135 2692 143 2709 ⁸
176 2690 207 2750 Γ
216 2690 290 2768 Cup.
303 2691 338 2749 te
352 2689 478 2769 legitur,
489 2693 612 2751 Josuam
623 2692 857 2770 geographicam
867 2694 1106 2773 descriptionem
1117 2696 1206 2779 regio·

137 2777 185 2839 nis
194 2778 337 2841 chanaan
349 2795 483 2848 curasse,
502 2786 532 2838 et
546 2797 574 2840 c.
588 2779 673 2849 etet
684 2777 830 2843 retertur,
845 2782 941 2858 ipsum
967 2785 1206 2846 restaurationem

138 2863 260 2923 ioedcris
271 2863 437 2939 scripsisse.
449 2864 564 2939 Quidni
582 2873 612 2922 ct
626 2864 756 2942 reliqua,
769 2872 832 2924 tum
845 2868 989 2946 temporis
1003 2869 1118 2949 scripto
1132 2886 1206 2931 man·

139 2948 207 3008 data
217 2964 278 3006 non
288 2947 431 3007 tuissent?

173 3030 205 3091 2⁰
218 3032 347 3104 Auctor,
358 3033 384 3092 si
397 3050 456 3092 non
468 3039 514 3092 est
525 3035 632 3105 Josue,
648 3034 714 3093 sinc
726 3032 914 3096 documentis
924 3037 1035 3098 coaevis
1046 3045 1078 3098 et
1089 3038 1208 3101 authen*

137 3116 329 3178 tieisrcierre
339 3136 400 3177 non
409 3120 572 3197 potuisset,
590 3120 720 3179 minutas
734 3120 952 3199 descriptiones
966 3122 1098 3183 limitum
1120 3124 1208 3204 cuim·

138 3221 195 3281 que
205 3204 316 3274 tribus,
327 3222 383 3265 nec
394 3222 548 3266 sermones
560 3204 665 3268 Calebi
682 3211 720 3284 (c.
736 3209 784 3277 to,
800 3207 892 3281 etr),
907 3224 964 3268 nec
977 3210 1073 3271 verba
1085 3210 1208 3273 Phineet

137 3291 181 3365 (c.
194 3290 232 3347 22
244 3332 251 3357 ‚
265 3288 381 3363 iti—90),
391 3307 450 3350 nec
463 3293 557 3350 verba
567 3293 586 3348 J
589 3309 667 3351 osuoe
681 3294 774 3369 ipsius
783 3293 825 3368 (e.
836 3293 873 3351 25
897 3300 927 3353 et
937 3311 963 3354 o.
973 3294 1006 3352 i't
1018 3296 1044 3372 ),
1056 3314 1116 3357 nec
1125 3298 1209 3375 serip-

137 3375 276 3450 sisset(c.
286 3374 323 3445 6,
335 3375 387 3450 ib')
400 3397 415 3430 tt
430 3376 536 3436 itabab
548 3393 640 3453 usquc
650 3378 688 3437 ad
697 3378 873 3438 bodiemum
883 3380 964 3440 diem
985 3380 1127 3445 babitare
1137 3385 1210 3445 inter

139 3484 155 3519 n
170 3460 331 3530 Israelitas,
347 3482 362 3516 u
374 3461 465 3521 tacito
477 3462 540 3540 ojus
554 3463 695 3542 conjugio
709 3483 777 3524 cum
788 3467 942 3541 Salmone,
961 3468 1126 3533 Naassonis
1137 3468 1208 3543 filio,

136 3548 197 3609 nisi
208 3545 260 3606 illa
274 3547 306 3605 in
316 3547 504 3608 documentis
516 3550 558 3608 ita
573 3551 744 3628 reperisset.

173 3632 205 3693 5ο
230 3632 306 3694 Cum
337 3635 456 3711 Moyses
476 3652 525 3696 res
552 3644 650 3714 gestas
677 3639 780 3716 populi
803 3639 911 3713 electi,
939 3642 1211 3723 promissionesque

137 3718 317 3781 Patriarcbis
329 3721 434 3791 factae,
447 3723 559 3801 scripto
569 3725 772 3800 consignavit,
784 3728 898 3787 nullum
908 3728 1049 3802 dubium,
1062 3732 1210 3808 quindiu,

138 3809 189 3884 qui
206 3809 234 3868 ci
249 3808 281 3866 in
299 3807 407 3868 ducem
420 3809 620 3870 Israelitarum
635 3813 793 3884 successit,
809 3816 873 3892 ejus
889 3817 1060 3896 exemplum
1073 3828 1210 3895 secutur,

136 3893 434 3968 resgrrrissimasmt
444 3893 690 3974 adimpletionem
700 3895 804 3958 irarum
812 3901 1054 3978 promissionum,
1065 3920 1212 3983 peroccu-

137 3978 290 4053 pationcm
311 3981 453 4044 Chanaan
467 3980 589 4053 iactam,
608 3983 690 4043 illico
704 3985 754 4044 vel
767 3986 831 4064 ipse
848 3988 958 4067 scripto
978 3990 1150 4069 exceperit,
1164 3984 1211 4055 vei

139 4059 243 4127 saltem
258 4068 409 4129 conscribi
436 4069 559 4133 curarit.
586 4086 622 4129 eo
636 4072 746 4149 magis,
761 4072 840 4151 quod
855 4073 982 4147 limites,
1004 4075 1105 4141 cuivis
1119 4077 1212 4161 tribui
