2716 4838
408 457 596 507 ttonottutt
615 459 815 509 sacuottutt.
1107 462 1155 510 tta

68 545 174 624 quoin
191 545 276 617 loco,
292 551 325 606 et
341 562 401 623 qua
419 548 592 609 occasione.
603 549 654 610 Sic
667 548 768 627 plures
780 548 892 611 Psalmi
906 549 1025 612 facilins
1037 550 1167 613 intelli-¹

67 639 197 712 guntur,
210 632 236 693 si
248 631 416 693 attenditur
424 631 464 693 ad
474 641 593 711 tempus
605 640 637 693 et
647 633 686 694 ad
694 635 810 708 locttm,
825 651 883 713 quo
894 634 1009 696 exarati
1016 633 1153 711 ittet-unt,

67 735 191 798 quares
204 734 272 795 quae
281 718 362 779 iniis
375 718 519 780 dicuntur
526 720 735 798 contigerunt,
747 729 838 801 atque
847 721 888 784 ad
895 719 989 796 iacta,
999 740 1068 803 quae
1079 724 1154 804 ipsis

66 805 261 868 occasionem
272 806 480 884 praebuet-imi.

458 948 477 1018 s
490 951 700 1014 xm-nquu
714 953 758 1002 tv.

102 1073 176 1127 628.
192 1072 269 1132 Loca
281 1072 427 1150 parallelo
438 1072 612 1133 corollario
623 1082 703 1144 saort,
716 1074 748 1134 id
771 1080 831 1146 est,
844 1074 912 1136 loca
925 1074 1036 1136 similia
1049 1077 1153 1155 Scrip-

64 1165 141 1218 tmae
154 1174 247 1218 sacrae
260 1158 400 1218 adeunda
413 1166 497 1230 sunt,
508 1166 541 1218 nt
554 1175 592 1219 ex
605 1174 710 1219 eorum
719 1158 884 1220 collatione
897 1167 996 1219 textus
1007 1160 1152 1222 obscurus

65 1244 250 1323 explicetur,
265 1251 316 1303 aut
328 1244 439 1305 dubius
450 1244 629 1305 elucidetur.
641 1245 751 1305 Dilfert
766 1251 868 1305 autem
879 1245 1099 1325 parallelismus
1112 1246 1152 1307 al)

64 1327 205 1406 analogia
219 1326 300 1397 fidei,
315 1346 352 1390 eo
363 1329 445 1407 quod
454 1329 673 1409 parallelismus
684 1348 746 1391 non
758 1330 798 1391 de
814 1328 886 1392 fidei
898 1331 1085 1410 integritate,
1095 1331 1151 1394 sed

65 1415 105 1475 de
113 1422 214 1475 textus
226 1423 278 1475 aut
289 1417 374 1477 vocis
392 1417 525 1494 genuino
536 1433 627 1477 sensu
639 1417 713 1496 agit.
725 1417 776 1477 Sic
786 1433 825 1477 ex
837 1416 1002 1477 collatione
1016 1416 1151 1478 locorum

62 1500 278 1580 parallelorum
287 1502 360 1564 Luc.
374 1504 410 1571 lt,
420 1501 452 1572 53
464 1501 571 1562 Matth.
586 1501 638 1573 17,
652 1501 743 1573 nto,
760 1502 811 1573 l7;
822 1501 878 1574 lit,
895 1500 949 1572 to,
962 1519 1032 1562 cum
1041 1500 1149 1563 Matth.

63 1585 97 1658 t,
107 1586 183 1658 tt‚8‚
192 1588 291 1664 liquet
302 1606 410 1649 vocem
421 1596 591 1664 παριλῳεωα
603 1589 775 1668 mmmpstt,
789 1587 908 1666 (Mittit.
917 1588 948 1661 1»
958 1587 991 1662 5,
1000 1587 1047 1665 8),
1056 1586 1151 1669 illul·

64 1672 253 1734 licaredacit
266 1674 361 1753 (coni.
375 1692 406 1735 n.
419 1675 502 1754 att).

463 1817 558 1887 sxrv.
570 1820 706 1881 -nerun
719 1820 751 1869 v.

99 1935 173 1990 666.
189 1933 370 2011 Adparentca
387 1933 534 2012 amilopie
550 1932 740 1994 conciliando
761 1941 845 2003 twtt,
862 1933 896 1994 id
910 1939 956 1996 est
977 1934 1062 2005 loca,
1078 1951 1148 2014 φη

62 2021 124 2081 sibi
137 2019 373 2080 contradictoria
388 2036 456 2080 esse
467 2019 626 2089 videntur,
645 2036 750 2080 secum
766 2017 925 2079 conciliari
938 2018 1066 2082 debent.
1079 2021 1148 2082 istae

62 2105 245 2185 adparentes
262 2105 417 2183 antilogiae
436 2105 578 2164 oriuntur
591 2111 643 2164 ant
661 2121 699 2163 ex
714 2103 888 2164 versionum
909 2102 1113 2182 discrepantia
1129 2121 1149 2166 a

62 2190 212 2260 lontibus,
227 2197 278 2249 aut
290 2205 328 2249 ex
339 2189 517 2258 idiotismis,
531 2188 713 2249 hebraismis
726 2195 759 2248 et
776 2188 943 2266 graeeismis
959 2189 992 2248 in
1005 2189 1148 2249 versione

61 2275 195 2344 relictis,
209 2283 240 2335 et
254 2290 271 2334 a
283 2274 503 2334 consuetudine
522 2282 694 2334 nostrorum
705 2273 884 2334 idiomatum
896 2272 1021 2344 adenis,
1038 2280 1091 2333 aut
1109 2289 1147 2334 ex

61 2358 240 2420 diversitate
254 2359 721 2437 objectorumdeqmtusvariis
739 2359 772 2419 in
793 2357 870 2420 locis
887 2358 1077 2437 estquaestio‚
1095 2364 1148 2419 aut

60 2448 185 2508 tandem
197 2464 235 2506 cx
246 2447 385 2508 terminis
396 2447 728 2525 generalibus,quibus
736 2445 768 2507 id
779 2445 1066 2525 exprimitur,quod
1077 2463 1146 2508 cum

62 2532 255 2592 restrictione
276 2532 509 2608 intelligendum
533 2549 600 2593 esse
632 2533 729 2609 prima
754 2536 787 2590 et
808 2530 964 2607 generalia
987 2530 1146 2608 roligionis

60 2616 214 2697 principia
227 2617 349 2675 docent
363 2617 470 2674 iiodus
483 2616 574 2675 hasce
586 2616 769 2693 adparentes
787 2616 948 2693 antilogias
961 2615 1145 2676 conciliandi

61 2718 100 2761 ex
118 2699 346 2759 enumeratione
363 2714 533 2767 cannarum,
546 2715 585 2757 cx
601 2699 711 2774 quibus
727 2700 927 2774 proveniunt,
940 2715 996 2776 per
1008 2716 1042 2759 se
1055 2701 1144 2759 inno-

60 2785 162 2844 tescit.
178 2785 211 2840 in
224 2780 398 2860 particulari
410 2781 508 2842 adibit
518 2782 671 2861 interpres
678 2789 788 2853 texum
798 2782 853 2842 ubi
865 2781 983 2844 eaedem
992 2799 1043 2844 res
1051 2782 1144 2846 iusim

61 2877 115 2930 aut
123 2868 233 2930 clarius
246 2873 447 2948 exponuntur.

462 3000 479 3069 3
494 3004 545 3052 xv.
556 3026 588 3039 -
597 3003 693 3064 lieznia
702 3003 745 3052 vt.

98 3128 171 3182 636.
185 3126 221 3185 ln
233 3124 328 3184 dubiis
340 3122 507 3184 1616616111
516 3129 582 3184 sunt
592 3123 732 3183 Doctores
744 3121 895 3193 Ecclesia,
908 3121 931 3180 ii
943 3122 1141 3203 potissimum,

60 3216 114 3294 qui
139 3213 252 3292 tingue
276 3210 428 3272 hebraicae
450 3227 506 3290 pro
537 3210 791 3288 interpretatione
814 3209 929 3270 veteris
952 3208 1088 3272 Foederis
1111 3218 1139 3272 et

59 3315 170 3381 graecae
180 3316 236 3378 pro
250 3297 453 3377 explicatione
465 3296 538 3358 novi
551 3296 740 3357 Testamenti
751 3296 848 3375 probe
859 3295 946 3372 gnari
955 3294 1084 3358 merant.

447 3431 464 3501 5
479 3433 542 3482 xvi.
554 3456 584 3469 -
594 3433 688 3495 narnia
699 3432 753 3481 vii.

97 3556 315 3617 oatdnrauds
322 3551 1141 3634 depmuinolectlonetestatoript'ncrlt'interpresconsalat

59 3643 203 3706 mamaea
216 3643 367 3719 antiquos,
382 3658 431 3700 ras
445 3641 624 3727 presertim,
639 3639 867 3716 praesentitur
888 3638 1052 3697 immediate
1064 3655 1141 3697 eno

58 3737 167 3793 maest
186 3730 232 3800 (n.
246 3726 330 3805 cta).
351 3723 479 3803 Quando
497 3724 722 3802 praestantiores
743 3722 898 3783 versiones
914 3723 1046 3800 antiquae
1071 3739 1140 3783 cum

57 3871 278 3934 taxattlpniticant
301 3867 548 3931 atiqnemcirdivinae
558 3865 721 3928 providentia
729 3865 914 3927 dispositionem
924 3864 1058 3915 obtinuisse
1069 3879 1139 3916 orea-

58 3942 155 3994 sionem
166 3943 207 3990 rel
222 3940 364 3987 laenitatem
377 3938 471 3998 aliquid
486 3935 606 3996 lactendi,
618 3937 646 3983 ut
657 3937 667 3980 i
678 3937 740 3996 iiess.
750 3934 790 3996 il,
802 3936 840 3996 tt,
856 3933 955 3982 Saulem
970 3933 1138 3997 interimendi3

58 4014 82 4062 ii
93 4013 154 4072 ltcg.
167 4009 206 4070 16,
218 4010 256 4068 to,
269 4006 433 4056 maledicendi
445 4005 548 4064 61νί61,
559 4007 580 4050 tt
592 4006 651 4065 iteg.
662 4003 702 4063 it,
714 4005 738 4065 1,
750 4002 898 4053 numerandi
912 4004 1030 4066 populum
1041 4005 1139 4055 israeli·

58 4081 147 4131 ticum.
158 4077 246 4127 conler
256 4078 267 4124 1
277 4077 382 4137 Paralip.
390 4077 431 4136 at,
444 4075 467 4134 i,
478 4077 504 4122 et
514 4075 535 4120 ii
547 4075 608 4137 ileg.
618 4074 658 4134 il,
670 4073 706 4122 10.
