2708 4846
445 485 631 535 nrnnonuu
650 484 853 536 sncnonune
1133 454 1188 536 'tet

319 615 425 687 311111.
435 647 466 660 -
475 624 651 685 Argumentum
662 625 688 674 et
698 638 785 688 scopus
794 623 852 673 lthri
862 622 985 672 iudicum.

153 753 218 809 too.
230 752 360 824 lodices,
372 773 497 833 quorum
508 773 620 817 nomen
631 756 690 817 tert
702 755 753 818 hic
764 757 950 827 liber‚erant
962 754 1188 818 Gubernatores

117 840 241 920 supremi
259 839 450 914 iudaeorum,
463 842 515 920 qui
532 860 584 904 eos
602 859 620 903 a
637 850 735 904 morte
758 846 877 914 iosuae,
891 859 985 920 usque
1006 841 1044 901 ad
1067 841 1188 902 Saulem

116 926 238 1006 primum
251 925 373 985 illorum
386 943 490 1006 regem
499 929 595 1007 spatio
609 937 736 1007 quatuor
747 929 871 990 circiter
887 926 1064 988 saeculorum
1076 927 1187 1007 guber-

116 1019 228 1072 narnnt.
244 1011 285 1071 Hi
297 1011 433 1084 Jndices,
446 1029 464 1072 3
475 1013 552 1074 tastu
563 1030 669 1093 regum
682 1014 786 1085 alieni,
800 1013 916 1073 militiae
929 1013 1093 1091 prepositi,
1106 1012 1188 1072 bella

116 1095 289 1159 indicebant
301 1103 333 1158 et
344 1098 582 1177 componebant,
595 1106 685 1178 atque
699 1099 846 1159 Hebraeos
863 1096 947 1175 juxta
959 1095 1059 1175 legem
1074 1097 1187 1177 Moysis

164 1183 268 1243 ebant.

116 1196 274 1333 mansur
288 1268 340 1329 hic
358 1268 441 1330 liber
456 1268 553 1330 tribus
569 1270 718 1350 partibus,
732 1286 857 1348 quarum
869 1267 966 1348 prima
977 1267 1188 1347 complectitur

116 1354 146 1416 id
154 1356 254 1436 prima
265 1356 381 1436 capita3
393 1354 525 1416 secunda
543 1357 680 1417 continet
700 1374 768 1436 cap.
783 1357 818 1415 17
831 1364 863 1416 ct
874 1355 924 1426 18,
945 1363 977 1416 et
996 1355 1085 1415 tertia
1104 1372 1184 1416 com-

116 1441 273 1520 prehendit
285 1458 351 1520 cap.
366 1440 563 1512 1112113111.
586 1444 659 1502 Iiuae
680 1442 794 1502 ultimae
812 1448 931 1522 partes,
944 1457 1010 1519 quae
1024 1448 1058 1501 ut
1073 1456 1187 1521 appen-

116 1524 194 1588 dices
212 1526 286 1585 libri
303 1525 410 1586 haberi
427 1535 569 1605 possunt,
587 1529 744 1588 continent
756 1527 897 1588 historias
912 1543 930 1587 a
949 1526 1142 1596 seinvicem,
1156 1532 1186 1587 et

116 1610 149 1671 rb
160 1610 297 1672 historiis
314 1611 420 1691 primae
435 1613 528 1692 partis
546 1612 719 1685 distinctas,
732 1629 799 1692 quae
812 1620 948 1692 tempore
963 1611 1104 1673 Judicum
1116 1628 1188 1672 con·

116 1696 134 1757 t·
156 1705 256 1759 erunt.

124 1714 554 1865 181111133333133311313113.
569 1786 679 1862 1-3),
693 1785 768 1845 alias
782 1784 878 1844 tribus
889 1783 1074 1847 Chananaeos
1087 1788 1188 1843 exter·

116 1870 251 1941 dieasse,
263 1877 295 1929 et
304 1869 376 1930 alias
389 1870 574 1933 Chananaeos
587 1870 661 1930 aiios
673 1869 847 1930 tributarios
865 1867 1069 1928 tantummodo
1086 1868 1188 1927 reddi-

116 1956 191 2019 disse
202 1977 211 2028 ;
231 1957 304 2016 hinc
324 1956 457 2034 legatum
482 1955 620 2016 divinum
638 1956 846 2025 annuntiasse,
870 1953 1055 2017 Chananaeos
1082 1961 1187 2033 postca

116 2044 330 2123 pravaiituros,
343 2050 433 2120 atque
445 2041 568 2103 Judaeos
581 2042 612 2101 in
625 2041 827 2101 idololatriam
839 2040 1028 2101 abducturos.
1038 2040 1188 2102 Observat

116 2124 404 2201 innumerositas,
418 2127 636 2207 quamdiuDeo
654 2125 760 2187 fideles
778 2127 897 2187 inerunt
916 2126 1045 2187 hostimn
1056 2126 1187 2189 victores

116 2217 266 2288 extitisse,
279 2217 413 2287 sedens,
426 2215 546 2294 quando
560 2214 755 2277 Chanaanitis
766 2220 983 2293 pepercerunt,
997 2220 1071 2274 etse
1083 2214 1188 2274 matri·

116 2302 213 2364 monio
225 2302 287 2363 illis
297 2300 470 2380 junxerunt,
482 2302 514 2360 in
528 2299 677 2360 idolorum
691 2298 804 2359 cnlttun
817 2299 855 2359 ab
868 2299 940 2378 ipsis
953 2297 1042 2360 tuisse
1055 2305 1187 2379 pertrac-

116 2394 176 2460 tos,
188 2396 280 2466 atque
292 2389 331 2448 ab
343 2387 410 2448 aliis
422 2386 540 2465 populis
553 2388 607 2447 sub
618 2385 722 2466 jugum
734 2384 825 2445 inisse
837 2385 953 2456 missos,
965 2402 1016 2447 eos
1037 2393 1136 2447 autem
1148 2387 1187 2448 ad

116 2474 210 2537 Deum
226 2474 327 2535 denuo
347 2491 524 2543 conversos,
543 2481 648 2534 nactos
666 2489 731 2532 esse
754 2473 834 2532 viros
853 2472 1121 2545 extraordinarios,
1135 2474 1188 2551 qni

116 2556 181 2618 iilos
193 2558 226 2617 in
245 2557 419 2616 libertatem
430 2555 633 2617 vindicarunt.
645 2557 717 2615 Haec
730 2552 945 2613 confirmantur
956 2553 1090 2615 historiis
1106 2554 1186 2626 dod,

136 2661 165 2705 e.
177 2643 233 2719 ὅ),
246 2641 389 2703 Debbora
407 2648 438 2701 et
453 2643 546 2701 Barac
563 2642 614 2717 (c.
627 2642 645 2698 t
658 2641 687 2716 ),
704 2639 859 2700 Gedeonis
880 2635 892 2714 (
905 2656 933 2699 c.
946 2638 1057 2715 6-8),
1075 2640 1188 2718 Jephte

133 2745 162 2790 e
176 2727 286 2788 tr-re
297 2726 324 2803 ),
338 2733 369 2787 et
381 2727 532 2787 Samsonis
547 2726 594 2802 (c.
610 2724 749 2796 15-16).

149 2814 224 2869 1117.
233 2814 278 2872 Ex
289 2811 374 2873 hisce
384 2811 481 2888 liquet
493 2829 615 2891 scopmn
634 2810 763 2871 auctoris
781 2807 888 2877 tuisse,
910 2806 1032 2867 Judaeos
1051 2824 1187 2880 monere,

116 2897 194 2975 quod
216 2897 322 2957 felices
341 2914 406 2957 esse
429 2897 506 2956 lrnud
528 2902 667 2976 possent,
687 2895 745 2955 nisi
762 2891 952 2954 observando
969 2899 1074 2953 exacte
1089 2893 1189 2972 legem

116 2980 320 3060 Deiadioyse
331 2982 482 3041 traditam.

154 3068 226 3125 toa.
237 3069 325 3129 Parte
337 3067 469 3129 secunda
482 3084 536 3127 seu
553 3064 720 3144 appendice
732 3065 828 3143 prima
849 3063 1020 3141 exponitur,
1040 3064 1189 3140 quomodo

116 3151 234 3214 idicens
242 3153 357 3214 idolum
371 3161 401 3213 et
413 3150 600 3213 sacerdotem
608 3149 724 3209 leviten
738 3149 768 3207 in
782 3148 871 3208 domo
885 3163 937 3207 sua
950 3147 1148 3216 constituerit,
1159 3156 1191 3209 et

116 3237 265 3316 quomodo
272 3238 484 3299 Danitaeturati
492 3234 877 3311 idolumMichae,itliusque
884 3231 1040 3293 sacerdote
1049 3232 1188 3302 abducto,

116 3324 283 3387 idololatrae
302 3325 372 3384 facti
394 3325 469 3395 sint,
487 3331 575 3400 atque
588 3328 675 3400 capta
687 3321 809 3381 civitate
821 3319 907 3389 Lais,
921 3335 975 3378 seu
992 3318 1098 3378 Lesem
1109 3360 1117 3389 ,
1130 3320 1190 3378 sibi

116 3408 336 3485 pemmonem
358 3406 608 3486 comparaverint.
619 3406 691 3464 Haec
713 3401 865 3483 appendix
880 3401 943 3462 iisse
964 3401 1109 3480 explicat,
1124 3417 1190 3479 quac

117 3496 183 3555 Jos.
196 3492 243 3564 19,
256 3493 293 3551 17
306 3492 442 3552 breviter
453 3492 635 3554 indicantur.

153 3580 242 3641 AEtas
266 3576 353 3653 hujus
372 3578 547 3656 appendicis
577 3577 705 3636 retertur
724 3575 762 3636 ed
779 3583 913 3655 tempus,
934 3591 993 3651 quo
1016 3571 1191 3634 Monarchia

116 3662 329 3747 spudtudaeos
336 3661 397 3739 jam
408 3663 539 3723 stabilita
549 3668 629 3732 cret3
640 3677 709 3720 narn
721 3666 824 3722 auctor
833 3659 872 3736 (c.
883 3660 928 3728 17,
938 3659 971 3728 63
986 3675 1013 3718 c.
1026 3657 1092 3727 18,1
1104 3658 1191 3733 etot)

116 3750 173 3825 att,
186 3765 256 3828 quae
273 3749 395 3826 scripsit
406 3748 584 3825 contigisse,
598 3747 713 3825 quoodo
728 3763 785 3806 non
803 3752 866 3804 erat
882 3761 934 3802 reor
946 3741 1098 3814 interest,
1112 3741 1192 3820 quod

116 3834 250 3908 mit,
262 3850 369 3912 regem
380 3833 470 3894 tuisse
483 3833 515 3892 in
529 3833 636 3901 lsrael,
650 3830 769 3909 quando
780 3831 832 3890 1113
844 3829 972 3909 scripsit.

139 3918 322 4003 ·Appcndix
337 3917 442 3979 isthaec
456 3935 494 3978 ex
511 3917 690 3978 docmnento
703 3916 925 3994 antiquissimo,
944 3920 976 3973 et
996 3910 1119 3990 quidem
1130 3931 1192 3976 non

116 4000 253 4087 htdpro,
264 4002 441 4084 deprompta
453 4003 492 4063 sit
502 4009 636 4086 oportet,
647 4020 716 4064 cum
727 4009 830 4064 auctor
842 4001 875 4063 in
889 3997 990 4061 media
1007 3997 1071 4063 tere
1083 4016 1117 4063 re
1128 3999 1194 4061 his·

116 4092 231 4179 torin
239 4107 326 4177 suam
338 4089 482 4154 ordiatur.
