2708 4846
139 456 188 508 tas
588 455 769 505 araenntx

140 560 226 615 cusa,
236 550 368 622 notaque
377 543 531 622 insignita.
544 543 661 603 Nullibi
669 540 904 621 quidreperitur
913 539 953 600 de
963 539 1063 599 torma
1072 535 1214 617 autfigma

138 646 328 691 nummorum
346 629 397 707 qui
417 628 455 689 ab
472 628 612 689 Hebraeis
621 628 685 688 cusi
697 627 839 698 tuissent3
853 632 987 686 monetae
1001 631 1107 685 tamm
1117 643 1215 688 nomen

137 734 224 778 snum
236 717 389 777 ordinarie
400 716 559 777 desmnunt
571 731 589 775 a
601 715 756 794 principe,
770 713 910 783 animali,
925 720 977 773 aut
991 710 1106 791 iigrna,
1120 715 1215 790 qinein

137 802 200 864 illis
210 803 404 863 exhibentur.
417 805 510 861 immo
519 801 552 860 in
561 809 646 861 textu
656 800 822 879 originario
834 800 1002 878 Scripturae
1015 816 1113 860 sacrae
1121 801 1216 879 neqni-

138 889 209 951 dem
226 897 501 951 commemorantur
514 889 630 950 nummi
645 887 756 967 signati
770 888 972 947 Hebraeorum
986 905 1087 965 usque
1100 888 1140 950 ad
1151 896 1215 949 tern-

137 991 212 1056 pcra
229 977 488 1047 Macbabaeorum,
507 975 561 1035 ubi
582 973 752 1034 Antiochus
770 972 889 1035 sidetes
908 973 1031 1035 Simoni
1053 974 1216 1037 machabeo

137 1078 254 1123 summo
271 1064 447 1124 Judaeorum
462 1061 614 1124 sacerdoti
634 1077 772 1121 nummos
788 1060 901 1120 cudere
921 1061 1078 1138 permisit.
1096 1063 1131 1122 ln
1143 1069 1217 1124 texta

137 1149 293 1228 primitivo
306 1155 469 1210 occurrunt
478 1148 631 1208 dumtaxat
645 1147 752 1219 siclus,
762 1145 886 1217 micum,
897 1153 957 1208 etc.
970 1163 1045 1222 quae
1055 1156 1141 1208 erant
1150 1167 1216 1227 pon·

139 1234 227 1305 dera,
240 1253 302 1295 non
316 1252 390 1295 vero
402 1241 534 1294 monetae
550 1232 687 1312 signatae.

175 1321 275 1382 Hosce
287 1320 393 1391 sicios,
407 1320 536 1390 menta,
554 1326 613 1379 etc.
632 1316 725 1379 fuisse
740 1317 891 1397 pondera,
904 1318 1120 1397 Hebraeosqne
1132 1336 1215 1397 mque

138 1405 177 1477 ad
189 1406 433 1467 Macbabaeorum
443 1412 580 1484 tempora
591 1422 729 1466 nummos
741 1422 802 1465 non
815 1403 953 1475 cudisse,
968 1412 1082 1483 patet:

175 1493 199 1550 1.
216 1492 305 1568 Quod
316 1491 399 1564 sicli,
410 1492 538 1562 talenta,
550 1498 610 1552 etc.
623 1498 693 1552 ante
704 1507 803 1551 aevum
813 1489 1066 1552 Machabaeorum
1075 1492 1212 1572 appende·

137 1583 275 1636 rentur:
300 1577 345 1637 sic
366 1574 396 1635 i⁰
416 1575 663 1656 ponderabuntur
686 1575 738 1636 isti
760 1574 978 1655 quadringenti
1005 1577 1095 1650 sicli,
1119 1578 1215 1656 quibus

138 1662 292 1724 Abraham
301 1661 458 1743 praeiatum
467 1678 606 1742 campum
615 1670 731 1723 emerat
740 1661 1060 1740 :Abrubnmoppeuda't
1067 1667 1216 1743 ροωίω,

138 1766 194 1817 seu
204 1757 378 1829 argentum,
392 1749 435 1808 ait
448 1750 569 1827 Moyses
582 1749 678 1824 (Gen.
697 1747 749 1820 25,
763 1748 826 1829 ib).
842 1747 874 1808 2⁰
883 1748 955 1809 Filii
966 1751 1082 1811 Jacobi
1100 1751 1218 1812 Patriar·

139 1833 205 1898 chae
220 1835 356 1896 referunt
371 1833 505 1912 Josepbo
522 1833 607 1893 tratri
623 1843 772 1912 arpentum
787 1835 819 1894 in
835 1833 964 1913 pudere
980 1852 1036 1896 suo
1054 1834 1153 1913 (Gen.
1170 1837 1216 1906 td,

139 1919 206 1997 at).
230 1919 262 1979 ’ὅο
288 1923 426 1992 luamus,
451 1937 525 1998 quas
546 1921 668 1981 Eliezer
688 1921 838 1982 Rebeccae
860 1920 991 1992 obtulit,
1013 1923 1220 2001 appendebant

139 2006 226 2067 siclos
239 2006 312 2068 duos
326 2008 418 2083 (Gen.
434 2005 487 2075 itt,
503 2007 572 2086 22).
593 2006 625 2065 t'
641 2008 762 2085 Moyses
779 2006 887 2068 scribit
906 2007 990 2084 quod
1008 2024 1026 2068 a
1040 2009 1157 2069 Judaeis
1169 2026 1218 2087 pro

140 2094 337 2154 tabernaculo
357 2094 458 2153 oblata
472 2094 585 2154 tuerint
597 2094 665 2155 crab
683 2093 791 2154 talento
804 2095 989 2172 scptunpiuto
1001 2096 1063 2156 duo
1075 2097 1181 2165 mittio,
1194 2105 1219 2155 et

140 2178 343 2257 quadringenti
356 2197 447 2257 supro
462 2179 542 2251 sicli,
561 2197 597 2238 en
609 2180 725 2258 quobus,
741 2180 842 2250 addit,
863 2179 938 2258 fiasae
955 2190 1023 2241 sanat
1040 2184 1121 2244 boses
1131 2184 1160 2241 in
1175 2182 1218 2241 ain-

112 2332 117 2345 ,
141 2268 231 2326 troitu
247 2267 427 2326 tubernaculi
443 2266 614 2346 testimonii,
632 2276 659 2327 et
671 2267 765 2326 uitare
785 2269 1024 2345 oeneumOExod.
1040 2270 1093 2342 58,
1106 2269 1217 2346 iti-50).

140 2350 171 2409 5⁰
194 2352 284 2410 lsaias
307 2351 346 2409 de
365 2350 468 2430 impiis
488 2370 495 2408 :
516 2352 575 2428 Qui
587 2351 722 2427 consertas
737 2371 841 2412 aurum
861 2352 897 2412 de
917 2353 1058 2426 soccum,
1071 2357 1178 2434 inquit,
1196 2363 1220 2415 et

140 2442 290 2512 arpentum
302 2441 412 2494 stetero
425 2434 593 2511 ponderatis
604 2436 615 2512 (
626 2437 727 2507 isaiae,
739 2438 791 2508 bb,
805 2437 850 2514 (i).
862 2437 894 2498 6⁰
904 2440 925 2498 J
927 2442 1075 2511 eremias,
1087 2443 1136 2519 qui
1149 2449 1218 2500 tem

139 2536 213 2598 pore
226 2519 410 2599 captivitatis
423 2519 614 2598 babylonicae
626 2524 817 2601 septuaginta
826 2541 975 2585 annorum
987 2527 1081 2593 vixit,
1091 2527 1215 2607 pretium

140 2605 1217 2692 agri,quemabiianameelemeratponderavit:Appendieimitmrqur·

140 2700 201 2752 tun
217 2699 323 2770 septem
340 2699 479 2761 stateres,
493 2699 520 2752 et
533 2692 629 2752 menn
650 2703 798 2772 orperteoa
811 2697 946 2773 (ierem.
961 2697 1015 2768 52,
1029 2698 1129 2776 94⁰).
1143 2700 1218 2759 Hinc

138 2777 170 2836 7⁰
179 2779 330 2857 Propheta
339 2779 433 2838 Amos
442 2787 625 2839 mercatores
634 2781 1004 2844 fraudulentosinducitse
1013 2786 1218 2847 invicemhor·

139 2871 239 2925 tantes
263 2862 302 2923 ad
327 2863 540 2924 diminuendas
558 2865 746 2927 venditionis
771 2885 942 2939 mensuras,
967 2880 1000 2931 et
1026 2872 1066 2932 ad
1087 2873 1217 2952 augenda

138 2949 290 3027 pondera,
308 2947 392 3023 juxta
413 2965 482 3025 quae
503 2950 678 3027 reciperent
695 2952 877 3013 solutionem
897 2956 1217 3019 :imminuentem

138 3051 250 3102 surum,
261 3049 416 3110 urgeamus
425 3033 543 3104 siclum,
553 3052 749 3114 supponamus
758 3046 883 3099 steteras
893 3039 1013 3104 dolosos
1027 3044 1136 3120 (Amos
1144 3045 1173 3114 8,
1183 3045 1215 3119 d).

175 3119 305 3180 Genesis
323 3117 379 3190 55,
398 3118 434 3180 {9
451 3127 482 3180 et
498 3121 559 3180 Job
577 3122 629 3191 ta,
647 3121 697 3192 rt,
712 3123 743 3182 in
766 3131 851 3183 textu
866 3123 993 3187 hebraeo
1016 3132 1154 3190 occanrit
1169 3147 1217 3190 vor

137 3205 263 3277 iesitob,
274 3223 341 3283 quae
356 3208 395 3267 ab
409 3214 533 3267 auctore
549 3208 703 3286 Vulgatae,
713 3211 792 3270 LXX
807 3214 1049 3292 interpretibus,
1062 3225 1096 3276 et
1108 3217 1217 3279 Onielo

137 3311 194 3373 per
205 3310 374 3372 upnumseu
386 3311 465 3354 ouon
478 3293 598 3355 reddita
607 3295 673 3355 tuit.
687 3298 902 3359 Existimarunt
912 3301 1058 3378 equidem
1069 3304 1214 3372 nonnulli,

138 3381 256 3443 kesitab
272 3381 363 3440 tuisse
378 3387 530 3441 monetam
542 3381 638 3460 figora
655 3384 726 3462 agni
738 3384 922 3465 insignitam.
938 3388 979 3447 nt
998 3405 1071 3449 cum
1088 3399 1216 3472 tempore

137 3467 246 3528 Jacobi
258 3464 455 3535 Patriarcbae,
466 3467 519 3543 qui
529 3466 608 3529 Gen.
621 3468 673 3540 db,
688 3470 738 3541 ta,
756 3479 877 3532 centum
889 3471 1011 3533 kesitah
1021 3491 1078 3536 seu
1091 3477 1218 3557 agnosin

136 3557 319 3619 solutionem
337 3556 432 3635 empti
449 3557 514 3635 agri
533 3557 636 3630 dedit,
653 3568 784 3622 moneta
800 3562 926 3639 signatae
940 3561 1025 3625 haud
1041 3567 1217 3634 existerent,

137 3650 258 3722 oportet
278 3643 397 3704 kesitab
418 3642 509 3704 fuisse
531 3655 648 3707 certum
668 3647 784 3724 pondus
804 3648 934 3727 argenti,
953 3651 980 3711 si
999 3668 1065 3713 non
1085 3653 1218 3734 designet

138 3744 247 3806 agnum
256 3746 310 3789 seu
320 3745 419 3789 ovem.

173 3816 218 3874 Ex
236 3815 369 3893 probatis
392 3815 486 3894 igitur
505 3817 642 3894 sequitur
670 3818 816 3880 Hebraeos
832 3836 929 3897 usque
948 3820 990 3881 ad
1012 3826 1219 3903 captivitatem

137 3901 325 3977 septuaginta
335 3918 482 3961 annorum
493 3902 572 3981 apud
584 3903 766 3982 Babylonios
776 3912 935 3984 argentum
945 3914 1100 3970 etaurum
1110 3899 1220 3973 insolu-

139 3983 251 4048 tionem
271 4001 373 4045 rorum
386 3994 553 4066 emptarum
566 3990 750 4068 ponderasse
763 3991 898 4072 pondere
907 3992 994 4068 sicli,
1007 3995 1138 4072 talenti,
1148 4005 1220 4068 etc..

138 4085 335 4146 nummosque
347 4090 434 4136 cruos
443 4092 505 4136 non
515 4073 668 4138 habuisse.
