2708 4846
507 462 694 514 bibliolwtl
709 466 909 519 SAGRORUM·
1206 474 1239 525 ⁹⁷

194 542 313 625 laquens
322 546 356 611 tit
363 552 490 623 mentio,
500 561 531 615 et
540 572 627 634 quam
637 547 766 637 plmima
775 559 852 621 iacta
860 577 898 621 ex
907 544 1133 635 eoreienmtur3
1146 580 1237 642 quare

201 634 344 709 ΗΜ,
366 646 419 700 aut
446 641 522 703 alius
547 645 743 723 quicumque,
767 648 1002 711 Pentateuchum
1028 649 1235 725 confluxisset,

200 722 286 799 puter
296 741 400 785 omnes
412 726 521 798 libros,
534 728 707 803 historicos,
726 732 931 812 propheticos,
946 742 1021 805 ete,
1032 736 1235 799 Pentateucho

200 808 350 881 posteriores
362 810 536 891 confingere
548 815 702 878 debuisset
715 837 723 877 ε
738 819 803 897 quis
815 835 887 879 vero
899 820 959 881 sibi
971 821 1176 899 persuadebit,
1190 830 1236 885 tot

117 894 123 948 ἓ
200 886 279 991 lilla,
299 895 433 981 ingenii,
457 899 587 976 stylique
607 901 782 965 diversitate
802 902 960 967 distinctos
977 906 1017 968 ab
1035 924 1095 968 rme
1110 907 1233 971 bomine

201 974 461 1044 luseoonieetos¹2

225 1066 262 1119 8⁰·
270 1068 469 1128 Asseruerunt
480 1073 631 1142 nonnulli,
654 1074 890 1135 Pentateucbum
901 1082 1036 1157 tempore
1048 1079 1170 1142 Danielis
1182 1081 1233 1143 vel

198 1152 347 1229 ameum
364 1152 554 1234 babylonicae
566 1160 758 1239 compilatum
770 1162 860 1222 fuisse
873 1162 1050 1241 exlegibus,
1063 1181 1135 1240 quas
1145 1166 1232 1244 Moy-

196 1237 304 1301 rasolas
313 1242 499 1320 scripsisset,
511 1259 548 1303 ex
558 1245 720 1307 traditione
733 1247 825 1321 orali',
838 1248 973 1318 canticis,
987 1247 1159 1328 fragmentis
1170 1252 1231 1313 bis

195 1321 286 1395 adab,
297 1326 543 1405 inscriptionibus
555 1330 807 1412 hieroglyphicis,
829 1340 861 1394 et
874 1334 1074 1395 monumentis
1085 1336 1228 1414 publicis,

194 1420 292 1481 tutum
309 1412 491 1493 significatio
512 1430 550 1474 ex
571 1415 753 1494 conjecturis
773 1418 929 1498 desumpta
943 1419 1057 1480 inisset.
1071 1420 1127 1482 Ast
1139 1437 1229 1501 quam

154 1504 158 1519 ¹
189 1486 337 1561 filsumboc
348 1500 391 1561 sit
400 1499 498 1577 liquet
511 1518 548 1561 en
560 1502 709 1564 dicendis.

187 1620 190 1629 ·
214 1578 473 1647 CunSalmanasar
484 1587 774 1668 Teglatbpbalasaris
785 1590 818 1649 in
827 1607 953 1670 regnum
960 1592 1093 1669 Assyria
1109 1610 1227 1656 succes·

190 1678 235 1735 sor,
245 1676 273 1730 et
288 1672 509 1734 Sennacheribi
524 1674 742 1751 praedecessor,
755 1675 906 1738 destructa
916 1677 992 1737 urbe
1004 1678 1137 1738 Samaria
1149 1695 1227 1740 anno

182 1758 267 1819 ¹nurtdi
285 1758 378 1831 3283,
398 1760 456 1821 sub
474 1760 554 1822 Osee
575 1779 665 1839 rege,
677 1763 785 1823 decem
797 1765 894 1825 tribus
905 1765 1010 1834 lsrael,
1024 1781 1089 1842 quae
1102 1781 1227 1843 regnrun

182 1838 258 1905 ltntl
272 1862 326 1909 seu
345 1847 487 1908 Samariae
509 1848 744 1919 constituebant,
758 1849 791 1908 in
811 1850 1019 1928 captivitatem
1038 1850 1226 1923 abduxisset,
1337 1894 1342 1905 .

184 1930 343 2011 ilpuloaque
363 1934 542 2014 peregrinos
563 1933 704 1998 Chutaeos
717 1940 749 1994 et
766 1934 948 2012 Babylonios
960 1936 1159 1996 israelitarum
1171 1937 1226 1999 ab·

183 2011 315 2081 luam
325 2021 396 2081 loco
408 2020 441 2079 in
453 2020 759 2082 Samariam’misisaet
770 2020 782 2097 (
792 2022 833 2080 lv
846 2022 922 2100 Reg.
936 2021 1004 2098 17),
1017 2020 1110 2098 bique
1122 2024 1226 2102 populi

178 2105 318 2181 modin
338 2107 472 2168 Samaria
489 2122 507 2165 a
528 2106 667 2168 leonibus
689 2106 914 2178 infestarentur,
936 2124 991 2168 rex
1009 2107 1154 2186 Assyriae,
1172 2109 1225 2186 qui

176 2186 1226 2265 ridetmtrrisseAssaradonSennacheribisuccessor,illismisitsacen

169 2270 260 2339 dotem
279 2278 446 2341 israelitam
470 2295 507 2339 ex
532 2279 639 2341 decem
661 2279 800 2341 tribubus
823 2281 963 2360 captivis,
976 2280 1029 2357 qui
1044 2278 1225 2357 illoslegem

169 2357 270 2440 loy&
290 2363 417 2426 doceret
434 2364 496 2442 (lv
512 2366 587 2443 Reg.
602 2364 661 2426 loc.
683 2365 762 2441 eit),
783 2367 842 2427 Hic
864 2365 1003 2427 sacerdos
1013 2365 1079 2425 istis
1089 2364 1223 2445 populis,

166 2446 211 2523 qui
220 2446 333 2510 deinde
345 2449 469 2511 nomine
480 2450 733 2510 Samaritanorum
744 2452 886 2520 veniunt,
899 2449 1136 2511 Pentateuchum
1144 2456 1224 2512 attu-

163 2530 209 2605 lit,
225 2551 341 2612 eosque
360 2535 462 2613 legem
478 2539 639 2596 mosaicam
652 2537 775 2599 edocuit
791 2537 870 2613 (loc.
883 2537 935 2596 cit..
948 2536 971 2610 ).
984 2536 1138 2597 Existcbat
1149 2552 1223 2616 ergo

160 2618 377 2683 Pentateucbus
385 2620 441 2681 750
450 2637 528 2682 anno
541 2628 661 2683 amorte
670 2623 869 2699 Moysiacum
877 2622 1020 2681 Israelita
1029 2638 1106 2679 anrro
1118 2621 1223 2683 mundi

159 2704 229 2767 5283
248 2705 373 2769 abducti
394 2707 493 2786 ipsum
513 2704 671 2769 haberent.
697 2708 743 2767 Er
762 2705 820 2766 boc
837 2722 910 2766 vero
926 2705 1061 2781 sequitur
1077 2706 1224 2768 lsrae'litas

157 2791 393 2855 Pentateucbmn
408 2793 548 2854 babuisse
565 2801 702 2872 tempere
714 2793 892 2860 Jeroboam,
905 2791 996 2871 primi
1010 2807 1113 2852 eorrun
1129 2793 1222 2871 regis.

191 2876 270 2941 Cmn
288 2879 372 2940 enim
388 2878 524 2939 boboam
535 2878 701 2940 Salomonis
720 2877 798 2939 lilius
814 2895 850 2938 ac
862 2893 1015 2937 successor
1026 2876 1060 2936 in
1072 2883 1223 2941 conventu

154 2966 329 3027 iudeorum
350 2966 386 3027 in
409 2965 532 3027 sichem
554 2965 710 3035 edixisset,
735 2982 768 3025 se
789 2964 932 3045 populum
954 2981 1041 3024 sumn
1064 2964 1222 3026 durissima

155 3054 340 3127 babianum,
352 3058 419 3115 orta
434 3051 619 3120 rebellionel,
634 3050 701 3111 duae
719 3050 791 3110 solae
806 3050 905 3109 tribus
921 3049 999 3109 Juda
1018 3065 1053 3109 ac
1065 3047 1222 3123 Beniamin

151 3141 206 3203 illi
215 3138 318 3204 lideles
326 3138 650 3216 manserunt,reliquae
663 3144 763 3196 autern
771 3135 878 3195 decem
886 3133 1219 3195 tribuchroboamsibi

150 3242 261 3309 regem
276 3228 494 3291 eonstituerunt
509 3240 589 3286 anno
604 3222 710 3284 mundi
727 3220 800 3281 5029
816 3221 876 3298 (lll
894 3222 970 3297 Reg.
989 3217 1054 3295 la).
1066 3218 1135 3277 ,lam
1146 3234 1221 3279 vero

148 3314 317 3379 Jeroboam
329 3329 450 3376 ornnem
461 3312 557 3372 morit
568 3309 759 3390 lapidem,ut
767 3307 874 3369 decem
884 3307 953 3366 istas
962 3303 1068 3374 tribus,
1077 3318 1144 3380 quae
1152 3318 1221 3381 reg-

139 3416 225 3463 aranu
241 3400 337 3461 roasi
355 3398 591 3467 constituebant,
608 3413 628 3457 a
644 3395 758 3456 duabus
775 3393 842 3454 aliis
855 3390 992 3452 tribubus
1003 3404 1130 3468 regnum
1141 3388 1221 3452 Juda

146 3480 393 3555 subiicientibus,
412 3484 508 3561 magis
526 3485 681 3562 magisque
703 3481 903 3549 abalienaret,
921 3495 981 3557 quo
998 3494 1084 3539 suum
1095 3492 1221 3555 regumn

136 3574 251 3631 euim
267 3570 422 3632 redderet.
442 3569 563 3631 Cultum
581 3568 744 3629 vitulorum
765 3582 923 3627 aureorum
943 3570 1048 3626 contra
1060 3561 1218 3642 positivam

143 3656 267 3735 Moysis
281 3658 385 3737 legem
393 3656 529 3726 induxit,
543 3655 658 3734 templa
675 3645 1219 3725 constn=mt,ne1sraelitaetemplum

123 3740 450 3820 ,ghlrtosolpmitanum
471 3741 607 3810 adirent,
631 3747 721 3817 atque
744 3739 787 3797 ita
808 3754 840 3798 se
861 3752 956 3816 regno
977 3733 1056 3795 Juda
1076 3733 1152 3793 iorte
1171 3746 1220 3793 as-

266 3834 303 3891 nt
323 3824 448 3905 (ibid).
467 3827 500 3887 Si
518 3824 738 3887 Pentateuchus
759 3823 815 3897 ita,
838 3828 872 3882 ut
887 3837 976 3903 supra
991 3823 1135 3881 assertum
1147 3817 1218 3888 fuit,

130 3916 133 3921 '
198 3912 201 3923 '
240 3914 249 3927 '
280 3903 1219 3991 insiliisset,ettotusMoysisipsiusopusnonbrisset‚aniama

116 3996 137 4077 ’ἦ
258 3997 308 4058 rei
325 4004 390 4059 tum
406 4004 557 4079 superstes
576 3996 657 4059 baud
673 3996 793 4058 inisset?
805 3995 854 4056 An
865 4008 954 4055 senes
965 3989 1003 4050 80
1013 3994 1065 4050 aut
1075 3987 1113 4050 90
1124 4004 1220 4051 anno·

116 4094 708 4177 &memdamctuoeiezarnelp
719 4107 799 4173 Reh'q.
810 4106 864 4158 bat
875 4104 972 4156 etiter.

116 4284 141 4383 t
232 4414 236 4425 .

1077 4166 1094 4213 7
