2708 4846
505 467 688 517 ttbltolttttt
708 467 903 520 stcuonult
1191 467 1240 520 189

138 564 174 615 'a
189 556 354 638 sepulchra
370 558 403 620 lu
420 557 570 638 AEqypto,
589 561 659 622 ideo
669 562 768 633 ,tulisti
780 581 835 625 nos
847 571 881 623 ut
891 578 1079 631 moreremur
1090 562 1123 622 iu
1135 561 1241 623 solitu-

156 665 175 700 n
190 644 267 707 dine
278 645 386 723 (Exod.
399 646 444 717 lt,
459 646 526 721 ll)?
539 667 554 703 n
565 649 646 709 Deus
659 666 730 709 vero
739 650 881 728 populum
890 648 1088 710 lsradlitieum
1098 648 1240 727 multipli-

157 731 1239 815 eibnsmiraeulisexAEgyptoliberatum,praesentiperieuloerepturus.
1305 773 1310 780 ·

158 818 261 896 Moysi
270 817 436 899 praeeenit:
452 837 470 876 o
486 817 582 879 Eleva
596 819 713 899 virgam
725 827 821 892 tuam,
835 827 868 881 et
884 820 1014 881 extende
1026 819 1148 881 manum
1157 827 1241 881 tuam

159 926 177 961 s
188 921 282 985 super
292 921 393 976 mare,
406 913 438 967 et
450 905 555 967 divide
567 905 642 967 illud
651 950 660 976 ,
669 914 702 967 ut
714 906 893 985 gradiantur
906 904 962 966 lilii
981 906 1074 967 lsrael
1089 908 1121 967 in
1136 905 1238 968 medio

160 1012 178 1048 o
188 991 267 1053 mari
277 1008 336 1073 per
345 992 459 1053 siceum
468 990 556 1068 (ibid.
566 1010 597 1051 v.
607 990 664 1069 ld).
678 1012 694 1049 »
708 992 834 1053 Immisit
843 986 1240 1076 Deuseastralllebraeorum

159 1076 242 1139 iuter
250 1083 283 1139 et
292 1078 508 1157 AEgyptinrum
517 1077 630 1138 nubem
638 1076 915 1149 extraordinariam,
926 1094 993 1153 quae
1002 1075 1118 1137 Judaeis
1125 1077 1236 1150 lucem,

160 1162 319 1243 AEyyptiis
336 1180 410 1224 vero
428 1163 571 1224 tenebras
592 1163 765 1225 allrmdebat
782 1164 869 1239 (ibid.
884 1182 913 1224 v.
928 1163 993 1237 90),
1011 1179 1069 1240 qua
1085 1165 1238 1250 mediante

159 1246 297 1319 Hebraei,
306 1264 368 1309 non
379 1265 452 1333 vero
463 1248 614 1328 AEgyptii,
626 1249 733 1311 videre
741 1255 891 1328 poterant.
902 1251 1021 1328 Moyses
1030 1250 1148 1329 eumad
1155 1266 1238 1311 mare

158 1332 297 1395 Rubrum
304 1335 449 1405 venisset,
459 1343 582 1396 extensa
589 1352 680 1396 manu
687 1335 763 1397 illud
771 1335 886 1406 divisit,
898 1343 1063 1412 venasque
1075 1335 1239 1399 vehemens

158 1426 192 1480 et
201 1419 340 1491 ualidus,
354 1422 448 1480 aDeo
458 1420 616 1494 immissus,
633 1438 668 1482 ae
678 1429 740 1482 tota
754 1429 844 1484 noete
855 1421 997 1500 perllans,
1010 1437 1093 1481 mare
1104 1416 1239 1487 exsicea-

157 1505 204 1566 rit
218 1505 308 1583 (ibid.
323 1524 354 1567 v.
375 1506 434 1583 91).
447 1507 497 1568 nd
509 1506 610 1569 lucem
627 1507 783 1569 luminosae
795 1507 903 1568 nubis:
922 1526 937 1560 o
952 1508 1082 1585 Ingressi
1096 1515 1167 1570 sunt
1181 1504 1238 1567 lilii

158 1590 298 1663 abraei,
309 1590 354 1651 ait
369 1591 503 1670 Moyses,
521 1609 578 1672 per
597 1593 732 1654 medium
750 1593 824 1655 sicci
848 1592 955 1653 maris:
973 1600 1040 1653 >erat
1060 1595 1142 1654 enim
1161 1611 1237 1673 aqua

157 1696 176 1735 n
187 1677 273 1757 quasi
284 1693 387 1738 miuus
398 1693 416 1738 a
428 1677 533 1737 dextra
551 1694 656 1738 eomun
669 1686 700 1738 et
711 1679 790 1739 laeva
799 1677 888 1754 (ibid.
901 1696 931 1737 v.
944 1677 1005 1754 99).
1021 1698 1036 1734 n
1049 1679 1098 1739 Ad
1111 1679 1238 1758 primam

155 1778 297 1823 auroram
312 1762 452 1841 Egyptii
470 1763 585 1840 pariter
600 1765 684 1823 Mare
698 1765 834 1824 Rubrum
852 1762 980 1840 ingressi
994 1771 1081 1823 sunt:
1098 1765 1153 1826 sed
1168 1782 1237 1827 eum

155 1847 301 1909 lsraelitae
312 1847 347 1907 in
357 1847 527 1927 oppositum
541 1848 625 1909 littus
640 1850 867 1927 pervenissent,
882 1849 1003 1926 Moyses
1018 1865 1138 1908 manum
1154 1867 1237 1911 suam

154 1952 248 2017 super
264 1950 350 1995 mare
371 1933 522 2006 extendit,
536 1943 567 1994 et
582 1949 668 2012 aquae
681 1936 712 1994 in
728 1935 861 2014 priorem
873 1934 975 1994 locum
988 1934 1127 2013 dilapsae,
1141 1942 1237 1999 totum

154 2021 324 2085 Pharaonis
343 2022 511 2083 exereitum
531 2020 776 2092 submersenmt,
793 2037 844 2082 nee
863 2036 938 2081 unus
959 2019 1101 2101 supmtidt
1120 2038 1157 2081 ea
1175 2022 1236 2086 tilis

167 2107 245 2175 ibid.
256 2105 369 2183 2328).

155 2108 169 2187 ί
191 2194 367 2271 Moysesm
384 2191 530 2253 lsrablitae
545 2189 585 2252 de
605 2197 690 2253 tauto
708 2191 854 2252 miraculo
875 2191 940 2253 Deo
959 2192 1070 2270 gratias
1092 2201 1234 2273 agentes,

153 2282 239 2343 iuter
249 2279 312 2341 alia
321 2279 515 2341 cecinerunt:
531 2299 546 2334 n
560 2275 722 2339 Cantemus
734 2279 879 2340 Domino:
890 2278 1021 2357 gloriose
1032 2280 1114 2341 enim
1121 2284 1236 2363 magni-

155 2388 174 2425 n
186 2364 291 2427 licatus
308 2371 366 2435 est,
384 2381 494 2442 equum
513 2371 544 2425 et
560 2379 748 2425 ascensorem
772 2363 887 2441 dejecit
899 2365 930 2425 in
944 2364 1060 2428 mare...
1077 2369 1112 2429 ln
1128 2371 1235 2451 spiritu

154 2476 173 2514 s
185 2454 296 2516 furoris
309 2453 354 2513 tui
374 2459 564 2530 congregata
585 2459 654 2512 sunt
668 2470 771 2530 aquae:
792 2454 876 2515 stetit
886 2453 967 2514 unda
984 2455 1090 2530 tluens,
1106 2475 1235 2542 congre-

107 2538 265 2685 ”Mi
275 2545 346 2707 ‘tt
362 2537 1097 2703 lttdaltdtittlttl.¹3...
1149 2634 1200 2694 ..o

257 2669 266 2688 ο
340 2667 349 2686 e
992 2667 1000 2685 Ι
1099 2648 1116 2690 0
1133 2651 1148 2694 S
1201 2652 1234 2696 a·

154 2715 233 2785 tori,
249 2712 336 2774 aiunt
353 2731 361 2768 ι

192 2800 224 2863 l'
245 2798 396 2862 israelitas
415 2813 498 2858 mare
520 2798 657 2858 Rubrum
680 2797 833 2857 transiisse
857 2795 896 2857 ad
913 2797 1132 2860 extremitatem
1152 2802 1234 2868 sinus

155 2887 315 2951 &mensis
324 2882 379 2962 (du
390 2885 470 2963 golle
482 2884 521 2946 de
530 2885 627 2960 Sues),
635 2884 674 2945 ab
683 2883 814 2961 antiquis
824 2882 906 2945 sinus
917 2884 1138 2966 Hieropolitani
1148 2890 1230 2953 dicti.

155 2974 267 3039 fluxus
279 2989 317 3033 ae
329 2972 461 3032 refluxus
472 2971 579 3040 maris,
593 2970 748 3048 inquiunt,
767 2971 812 3029 ibi
830 2977 877 3030 est
895 2970 1020 3049 ingens,
1037 2979 1233 3056 temporeque

155 3062 289 3123 relluxnrs
301 3059 429 3121 dimidia
452 3059 559 3120 saltem
571 3057 660 3117 leuea
678 3057 789 3117 littoris
806 3057 887 3117 sicea
906 3058 1098 3135 relinquitur.
1114 3064 1233 3142 Moyses

156 3145 215 3227 qui
231 3145 288 3207 istu
303 3144 471 3216 noscebat,
486 3150 624 3220 tempore
634 3141 768 3201 relluxus
786 3141 934 3202 israelitas
952 3159 1008 3220 per
1023 3144 1135 3204 siceum
1150 3147 1233 3211 littus

153 3227 393 3292 marisdeduxit.
403 3229 518 3289 Pharao
529 3226 644 3305 aliquot
654 3225 739 3287 horis
748 3232 852 3304 postea
865 3225 946 3286 idem
957 3226 1017 3285 iter
1028 3227 1234 3306 imprudenter

151 3316 323 3397 ingratam,
336 3323 473 3393 tempore
485 3316 582 3377 lluxus
593 3321 814 3384 consternatus,
830 3330 866 3374 ae
878 3312 952 3391 quid
967 3322 1073 3394 ageret
1087 3333 1148 3394 prae
1163 3335 1233 3396 per·

152 3403 331 3467 turbatione
341 3404 473 3482 ignarus,
480 3420 548 3464 eum
556 3419 610 3465 suo
619 3401 755 3464 exercitu
761 3400 960 3463 refluentibus
967 3400 1055 3465 undis
1063 3403 1233 3467 submersus

153 3490 223 3552 luit.
1238 3520 1241 3538 τ

192 3576 225 3637 2⁰
235 3577 386 3641 Aiuntl'l.
398 3576 564 3656 Josephum
574 3576 724 3655 (Antiql.
736 3578 765 3645 9,
775 3596 802 3638 e.
810 3578 858 3658 ld)
871 3579 1029 3640 transitum
1039 3578 1233 3655 Marisliubri

151 3680 332 3745 wmparare
347 3681 416 3723 eum
427 3664 554 3724 transitu
572 3665 664 3725 maris
682 3663 874 3742 Pamphilius,
895 3664 934 3723 ab
949 3663 1114 3724 Alexandri
1131 3667 1232 3744 magni

141 3749 294 3827 emeruitu
311 3749 411 3820 laeto,
433 3765 562 3826 eumque
581 3747 739 3811 adderes«
751 3751 797 3810 De
819 3748 868 3811 his
886 3751 1029 3828 quisque,
1050 3756 1083 3808 ut
1095 3749 1230 3824 libuerit,

172 3834 309 3899 ‚mnam
322 3853 341 3891 u
1004 3850 1009 3866 ‘
1210 3878 1213 3884 Α

149 3852 177 3915 φ
188 3914 222 3981 Β·
237 3917 420 3997 Adjieirmt,
440 3919 578 3998 antiquos
594 3918 767 3999 lligyotios,
785 3924 865 3982 teste
881 3920 1032 3996 Artapano
1048 3913 1139 3996 (apud
1158 3920 1229 3986 Eu.

148 3992 250 4087 keep.
268 4004 387 4085 Evaug.
406 4005 428 4066 l.
445 4005 475 4077 9,
485 4022 512 4068 e.
526 4005 585 4082 97),
602 4005 778 4080 tradidisse,
790 4006 936 4091 Hebraeos
950 4004 1084 4064 itamare
1096 4005 1230 4075 liubrurn

148 4088 323 4179 medim-
1204 4126 1212 4159 r
