<?xml version="1.0" encoding="UTF-8"?>
<!DOCTYPE html PUBLIC "-//W3C//DTD XHTML 1.0 Transitional//EN"
    "http://www.w3.org/TR/xhtml1/DTD/xhtml1-transitional.dtd">
<html xmlns="http://www.w3.org/1999/xhtml" xml:lang="en" lang="en">
 <head>
  <title>
</title>
<meta http-equiv="Content-Type" content="text/html;charset=utf-8" />
  <meta name='ocr-system' content='tesseract 3.04.00' />
  <meta name='ocr-capabilities' content='ocr_page ocr_carea ocr_par ocr_line ocrx_word'/>
</head>
<body>
  <div class='ocr_page' id='page_1' title='image "./hermeneuticasac00jansgoog_0240.png"; bbox 0 0 2708 4846; ppageno 0'>
   <div class='ocr_carea' id='block_1_1' title="bbox 478 470 889 555">
    <p class='ocr_par' dir='ltr' id='par_1_1' title="bbox 478 470 1227 555">
     <span class='ocr_line' id='line_1_1' title="bbox 478 470 889 555; baseline -0.004 -36"><span class='ocrx_word' id='word_1_1' title='bbox 478 471 673 555; x_wconf 25' lang='lat' dir='ltr'>‘btnnottuil</span> <span class='ocrx_word' id='word_1_2' title='bbox 692 470 889 523; x_wconf 74' lang='lat' dir='ltr'>SACRORUM.</span> 
     </span>
    </p>
   </div>
   <div class='ocr_carea' id='block_1_2' title="bbox 104 564 1228 1165">
    <p class='ocr_par' dir='ltr' id='par_1_2' title="bbox 104 564 1228 1165">
     <span class='ocr_line' id='line_1_2' title="bbox 148 564 1226 646; baseline 0.003 -17"><span class='ocrx_word' id='word_1_3' title='bbox 148 565 423 637; x_wconf 72' lang='lat' dir='ltr'><strong>exterminatione,</strong></span> <span class='ocrx_word' id='word_1_4' title='bbox 438 580 528 643; x_wconf 90' lang='lat' dir='ltr'>quam</span> <span class='ocrx_word' id='word_1_5' title='bbox 545 565 617 628; x_wconf 87' lang='lat' dir='ltr'>dare</span> <span class='ocrx_word' id='word_1_6' title='bbox 637 567 807 638; x_wconf 86' lang='lat' dir='ltr'>decretum,</span> <span class='ocrx_word' id='word_1_7' title='bbox 823 566 907 646; x_wconf 85' lang='lat' dir='ltr'>juxta</span> <span class='ocrx_word' id='word_1_8' title='bbox 923 565 1003 644; x_wconf 90' lang='lat' dir='ltr'>quod</span> <span class='ocrx_word' id='word_1_9' title='bbox 1024 564 1226 634; x_wconf 80' lang='lat' dir='ltr'>interficiendi</span> 
     </span>
     <span class='ocr_line' id='line_1_3' title="bbox 147 652 1038 734; baseline 0 -17"><span class='ocrx_word' id='word_1_10' title='bbox 147 661 232 717; x_wconf 86' lang='lat' dir='ltr'>oram</span> <span class='ocrx_word' id='word_1_11' title='bbox 243 654 284 725; x_wconf 92' lang='lat' dir='ltr'>ii,</span> <span class='ocrx_word' id='word_1_12' title='bbox 298 653 388 731; x_wconf 89' lang='lat' dir='ltr'>queis</span> <span class='ocrx_word' id='word_1_13' title='bbox 404 652 579 714; x_wconf 74' lang='lat' dir='ltr'>iudeorum</span> <span class='ocrx_word' id='word_1_14' title='bbox 590 654 759 715; x_wconf 82' lang='lat' dir='ltr'>internecio</span> <span class='ocrx_word' id='word_1_15' title='bbox 770 662 921 734; x_wconf 75' lang='lat' dir='ltr'>precepta</span> <span class='ocrx_word' id='word_1_16' title='bbox 932 654 1038 717; x_wconf 84' lang='lat' dir='ltr'>iuerat.</span> 
     </span>
     <span class='ocr_line' id='line_1_4' title="bbox 183 739 1227 820; baseline 0.011 -21"><span class='ocrx_word' id='word_1_17' title='bbox 183 743 256 799; x_wconf 80' lang='grc'>971.</span> <span class='ocrx_word' id='word_1_18' title='bbox 274 739 325 800; x_wconf 71' lang='lat'>⁴5⁰</span> <span class='ocrx_word' id='word_1_19' title='bbox 341 740 466 813; x_wconf 86' lang='lat' dir='ltr'>Esther,</span> <span class='ocrx_word' id='word_1_20' title='bbox 480 757 547 818; x_wconf 84' lang='lat' dir='ltr'>quae</span> <span class='ocrx_word' id='word_1_21' title='bbox 567 748 602 801; x_wconf 93' lang='lat' dir='ltr'>ut</span> <span class='ocrx_word' id='word_1_22' title='bbox 622 742 673 820; x_wconf 91' lang='lat' dir='ltr'>pia</span> <span class='ocrx_word' id='word_1_23' title='bbox 692 741 800 801; x_wconf 91' lang='lat' dir='ltr'>mulier</span> <span class='ocrx_word' id='word_1_24' title='bbox 818 741 993 815; x_wconf 73' lang='lat' dir='ltr'>exhibetur,</span> <span class='ocrx_word' id='word_1_25' title='bbox 1009 760 1070 805; x_wconf 92' lang='lat' dir='ltr'>non</span> <span class='ocrx_word' id='word_1_26' title='bbox 1083 753 1227 812; x_wconf 81' lang='lat' dir='ltr'>contente</span> 
     </span>
     <span class='ocr_line' id='line_1_5' title="bbox 148 826 1228 909; baseline 0.004 -17"><span class='ocrx_word' id='word_1_27' title='bbox 148 826 442 892; x_wconf 71' lang='lat' dir='ltr'>Steisdbbbomines</span> <span class='ocrx_word' id='word_1_28' title='bbox 450 827 1228 909; x_wconf 81' lang='lat' dir='ltr'>interemptosfuisse,petitarege,utludaeiadbuc</span> 
     </span>
     <span class='ocr_line' id='line_1_6' title="bbox 104 900 1227 992; baseline 0.007 -16"><span class='ocrx_word' id='word_1_29' title='bbox 104 908 109 921; x_wconf 88' lang='grc'><em>“</em></span> <span class='ocrx_word' id='word_1_30' title='bbox 126 900 134 922; x_wconf 83' lang='grc'>’</span> <span class='ocrx_word' id='word_1_31' title='bbox 148 916 242 977; x_wconf 87' lang='lat' dir='ltr'>altera</span> <span class='ocrx_word' id='word_1_32' title='bbox 255 913 310 975; x_wconf 91' lang='lat' dir='ltr'>dic</span> <span class='ocrx_word' id='word_1_33' title='bbox 320 930 390 974; x_wconf 87' lang='lat' dir='ltr'>suos</span> <span class='ocrx_word' id='word_1_34' title='bbox 400 912 502 974; x_wconf 86' lang='lat' dir='ltr'>hostes</span> <span class='ocrx_word' id='word_1_35' title='bbox 511 914 594 975; x_wconf 71' lang='lat' dir='ltr'>Souis</span> <span class='ocrx_word' id='word_1_36' title='bbox 605 913 745 976; x_wconf 90' lang='lat' dir='ltr'>occidere</span> <span class='ocrx_word' id='word_1_37' title='bbox 755 914 884 992; x_wconf 82' lang='lat' dir='ltr'>possint3</span> <span class='ocrx_word' id='word_1_38' title='bbox 897 932 957 975; x_wconf 93' lang='lat' dir='ltr'>non</span> <span class='ocrx_word' id='word_1_39' title='bbox 968 925 1110 978; x_wconf 82' lang='lat' dir='ltr'>contentu</span> <span class='ocrx_word' id='word_1_40' title='bbox 1120 919 1227 985; x_wconf 91' lang='lat' dir='ltr'>decem</span> 
     </span>
     <span class='ocr_line' id='line_1_7' title="bbox 148 996 1226 1082; baseline 0.007 -23"><span class='ocrx_word' id='word_1_41' title='bbox 148 1001 328 1062; x_wconf 85' lang='lat' dir='ltr'>innocentes</span> <span class='ocrx_word' id='word_1_42' title='bbox 349 996 427 1059; x_wconf 89' lang='lat' dir='ltr'>filios</span> <span class='ocrx_word' id='word_1_43' title='bbox 446 999 556 1059; x_wconf 77' lang='lat' dir='ltr'>Amani</span> <span class='ocrx_word' id='word_1_44' title='bbox 572 999 735 1060; x_wconf 88' lang='lat' dir='ltr'>trucidatos</span> <span class='ocrx_word' id='word_1_45' title='bbox 751 998 858 1072; x_wconf 85' lang='lat' dir='ltr'>fuisse,</span> <span class='ocrx_word' id='word_1_46' title='bbox 871 1000 968 1062; x_wconf 87' lang='lat' dir='ltr'>adhuc</span> <span class='ocrx_word' id='word_1_47' title='bbox 984 1002 1063 1082; x_wconf 90' lang='lat' dir='ltr'>petit</span> <span class='ocrx_word' id='word_1_48' title='bbox 1076 1011 1109 1064; x_wconf 91' lang='lat' dir='ltr'>ut</span> <span class='ocrx_word' id='word_1_49' title='bbox 1122 1023 1226 1074; x_wconf 87' lang='lat' dir='ltr'>corum</span> 
     </span>
     <span class='ocr_line' id='line_1_8' title="bbox 148 1085 886 1165; baseline -0.003 -15"><span class='ocrx_word' id='word_1_50' title='bbox 148 1087 297 1150; x_wconf 78' lang='lat' dir='ltr'>cadevera</span> <span class='ocrx_word' id='word_1_51' title='bbox 307 1086 348 1147; x_wconf 90' lang='lat' dir='ltr'>ad</span> <span class='ocrx_word' id='word_1_52' title='bbox 358 1086 491 1165; x_wconf 79' lang='lat' dir='ltr'>patibula</span> <span class='ocrx_word' id='word_1_53' title='bbox 503 1092 676 1164; x_wconf 77' lang='lat' dir='ltr'>putrescant</span> <span class='ocrx_word' id='word_1_54' title='bbox 688 1086 736 1163; x_wconf 84' lang='lat' dir='ltr'>(c.</span> <span class='ocrx_word' id='word_1_55' title='bbox 747 1085 776 1155; x_wconf 88' lang='grc'>9,</span> <span class='ocrx_word' id='word_1_56' title='bbox 784 1085 854 1146; x_wconf 74' lang='grc'><strong>6-15</strong></span> <span class='ocrx_word' id='word_1_57' title='bbox 864 1086 886 1162; x_wconf 92' lang='grc'>).</span> 
     </span>
    </p>
   </div>
   <div class='ocr_carea' id='block_1_3' title="bbox 146 1171 1325 2201">
    <p class='ocr_par' dir='ltr' id='par_1_3' title="bbox 148 1171 1228 1855">
     <span class='ocr_line' id='line_1_9' title="bbox 183 1171 1226 1252; baseline 0.01 -19"><span class='ocrx_word' id='word_1_58' title='bbox 183 1172 246 1236; x_wconf 85' lang='lat' dir='ltr'>Sed</span> <span class='ocrx_word' id='word_1_59' title='bbox 266 1180 371 1234; x_wconf 80' lang='lat' dir='ltr'>auctor</span> <span class='ocrx_word' id='word_1_60' title='bbox 386 1171 459 1232; x_wconf 92' lang='lat' dir='ltr'>libri</span> <span class='ocrx_word' id='word_1_61' title='bbox 480 1171 535 1232; x_wconf 85' lang='lat' dir='ltr'>has</span> <span class='ocrx_word' id='word_1_62' title='bbox 546 1172 720 1250; x_wconf 85' lang='lat' dir='ltr'>petitiones·</span> <span class='ocrx_word' id='word_1_63' title='bbox 728 1172 865 1234; x_wconf 86' lang='lat' dir='ltr'>Estheris</span> <span class='ocrx_word' id='word_1_64' title='bbox 883 1174 1024 1252; x_wconf 84' lang='lat' dir='ltr'>equidem</span> <span class='ocrx_word' id='word_1_65' title='bbox 1041 1178 1151 1252; x_wconf 83' lang='lat' dir='ltr'>refert,</span> <span class='ocrx_word' id='word_1_66' title='bbox 1164 1200 1226 1246; x_wconf 95' lang='lat' dir='ltr'>non</span> 
     </span>
     <span class='ocr_line' id='line_1_10' title="bbox 148 1253 1227 1345; baseline 0.006 -26"><span class='ocrx_word' id='word_1_67' title='bbox 148 1264 248 1319; x_wconf 86' lang='lat' dir='ltr'>autem</span> <span class='ocrx_word' id='word_1_68' title='bbox 260 1254 420 1335; x_wconf 87' lang='lat' dir='ltr'>adprobat.</span> <span class='ocrx_word' id='word_1_69' title='bbox 432 1253 533 1315; x_wconf 76' lang='lat' dir='ltr'>Aliter</span> <span class='ocrx_word' id='word_1_70' title='bbox 544 1261 644 1314; x_wconf 89' lang='lat' dir='ltr'>autem</span> <span class='ocrx_word' id='word_1_71' title='bbox 657 1271 689 1314; x_wconf 91' lang='lat' dir='ltr'>se</span> <span class='ocrx_word' id='word_1_72' title='bbox 703 1271 752 1316; x_wconf 89' lang='lat' dir='ltr'>res</span> <span class='ocrx_word' id='word_1_73' title='bbox 765 1273 834 1316; x_wconf 87' lang='lat' dir='ltr'>cum</span> <span class='ocrx_word' id='word_1_74' title='bbox 852 1256 979 1317; x_wconf 76' lang='lat' dir='ltr'>Esthere</span> <span class='ocrx_word' id='word_1_75' title='bbox 991 1258 1099 1332; x_wconf 91' lang='lat' dir='ltr'>habet,</span> <span class='ocrx_word' id='word_1_76' title='bbox 1110 1262 1137 1323; x_wconf 93' lang='lat' dir='ltr'>si</span> <span class='ocrx_word' id='word_1_77' title='bbox 1155 1281 1227 1345; x_wconf 88' lang='lat' dir='ltr'>sup-</span> 
     </span>
     <span class='ocr_line' id='line_1_11' title="bbox 149 1338 1227 1425; baseline 0.007 -20"><span class='ocrx_word' id='word_1_78' title='bbox 149 1344 272 1425; x_wconf 79' lang='lat' dir='ltr'>ponitur</span> <span class='ocrx_word' id='word_1_79' title='bbox 283 1357 458 1403; x_wconf 86' lang='lat' dir='ltr'>numerosos</span> <span class='ocrx_word' id='word_1_80' title='bbox 471 1342 591 1405; x_wconf 81' lang='lat' dir='ltr'>Persas,</span> <span class='ocrx_word' id='word_1_81' title='bbox 604 1357 623 1401; x_wconf 92' lang='lat' dir='ltr'>a</span> <span class='ocrx_word' id='word_1_82' title='bbox 635 1338 706 1401; x_wconf 78' lang='lat' dir='ltr'>siliis</span> <span class='ocrx_word' id='word_1_83' title='bbox 717 1341 828 1403; x_wconf 78' lang='lat' dir='ltr'>Amani</span> <span class='ocrx_word' id='word_1_84' title='bbox 843 1342 1021 1416; x_wconf 88' lang='lat' dir='ltr'>conductos,</span> <span class='ocrx_word' id='word_1_85' title='bbox 1038 1347 1162 1410; x_wconf 73' lang='lat' dir='ltr'>ludceos</span> <span class='ocrx_word' id='word_1_86' title='bbox 1174 1351 1227 1415; x_wconf 92' lang='lat' dir='ltr'>die</span> 
     </span>
     <span class='ocr_line' id='line_1_12' title="bbox 150 1426 1227 1508; baseline 0.008 -17"><span class='ocrx_word' id='word_1_87' title='bbox 150 1430 184 1491; x_wconf 79' lang='grc'>15</span> <span class='ocrx_word' id='word_1_88' title='bbox 194 1430 310 1492; x_wconf 87' lang='lat' dir='ltr'>mensis</span> <span class='ocrx_word' id='word_1_89' title='bbox 322 1427 405 1489; x_wconf 80' lang='lat' dir='ltr'>Adur</span> <span class='ocrx_word' id='word_1_90' title='bbox 417 1427 499 1489; x_wconf 88' lang='lat' dir='ltr'>Susis</span> <span class='ocrx_word' id='word_1_91' title='bbox 512 1426 633 1488; x_wconf 83' lang='lat' dir='ltr'>adortos</span> <span class='ocrx_word' id='word_1_92' title='bbox 646 1444 724 1495; x_wconf 74' lang='lat' dir='ltr'>esse.</span> <span class='ocrx_word' id='word_1_93' title='bbox 736 1428 775 1489; x_wconf 88' lang='lat' dir='ltr'>de</span> <span class='ocrx_word' id='word_1_94' title='bbox 789 1429 833 1490; x_wconf 89' lang='lat' dir='ltr'>eis</span> <span class='ocrx_word' id='word_1_95' title='bbox 845 1429 987 1508; x_wconf 90' lang='lat' dir='ltr'>equidem</span> <span class='ocrx_word' id='word_1_96' title='bbox 997 1449 1014 1492; x_wconf 84' lang='lat' dir='ltr'>a</span> <span class='ocrx_word' id='word_1_97' title='bbox 1023 1433 1043 1492; x_wconf 89' lang='lat' dir='ltr'>J</span> <span class='ocrx_word' id='word_1_98' title='bbox 1046 1433 1139 1497; x_wconf 84' lang='lat' dir='ltr'>udaeis</span> <span class='ocrx_word' id='word_1_99' title='bbox 1148 1439 1227 1500; x_wconf 92' lang='lat' dir='ltr'>occi·</span> 
     </span>
     <span class='ocr_line' id='line_1_13' title="bbox 149 1510 1228 1604; baseline 0.006 -25"><span class='ocrx_word' id='word_1_100' title='bbox 149 1535 196 1579; x_wconf 88' lang='lat' dir='ltr'>sos</span> <span class='ocrx_word' id='word_1_101' title='bbox 208 1531 277 1577; x_wconf 88' lang='lat' dir='ltr'>esse</span> <span class='ocrx_word' id='word_1_102' title='bbox 289 1512 345 1575; x_wconf 80' lang='lat' dir='ltr'>tuo</span> <span class='ocrx_word' id='word_1_103' title='bbox 357 1519 467 1593; x_wconf 83' lang='lat' dir='ltr'>praeter</span> <span class='ocrx_word' id='word_1_104' title='bbox 479 1512 587 1599; x_wconf 87' lang='lat' dir='ltr'>decem</span> <span class='ocrx_word' id='word_1_105' title='bbox 596 1510 674 1574; x_wconf 87' lang='lat' dir='ltr'>lilios</span> <span class='ocrx_word' id='word_1_106' title='bbox 686 1514 806 1584; x_wconf 83' lang='lat' dir='ltr'>Amani,</span> <span class='ocrx_word' id='word_1_107' title='bbox 816 1515 870 1577; x_wconf 87' lang='lat' dir='ltr'>sed</span> <span class='ocrx_word' id='word_1_108' title='bbox 880 1516 982 1593; x_wconf 90' lang='lat' dir='ltr'>plures</span> <span class='ocrx_word' id='word_1_109' title='bbox 991 1518 1030 1579; x_wconf 90' lang='lat' dir='ltr'>de</span> <span class='ocrx_word' id='word_1_110' title='bbox 1042 1520 1116 1600; x_wconf 88' lang='lat' dir='ltr'>ipsis</span> <span class='ocrx_word' id='word_1_111' title='bbox 1124 1540 1228 1604; x_wconf 86' lang='lat' dir='ltr'>super·</span> 
     </span>
     <span class='ocr_line' id='line_1_14' title="bbox 149 1597 1227 1688; baseline 0.006 -24"><span class='ocrx_word' id='word_1_112' title='bbox 149 1603 256 1673; x_wconf 82' lang='lat' dir='ltr'>foisse,</span> <span class='ocrx_word' id='word_1_113' title='bbox 269 1607 491 1677; x_wconf 84' lang='lat' dir='ltr'>consequenter</span> <span class='ocrx_word' id='word_1_114' title='bbox 504 1597 713 1664; x_wconf 81' lang='lat' dir='ltr'>Estheremne</span> <span class='ocrx_word' id='word_1_115' title='bbox 726 1599 825 1661; x_wconf 82' lang='lat' dir='ltr'>Judaei</span> <span class='ocrx_word' id='word_1_116' title='bbox 843 1602 917 1663; x_wconf 85' lang='lat' dir='ltr'>alias</span> <span class='ocrx_word' id='word_1_117' title='bbox 935 1603 974 1663; x_wconf 89' lang='lat' dir='ltr'>ab</span> <span class='ocrx_word' id='word_1_118' title='bbox 994 1604 1055 1667; x_wconf 89' lang='lat' dir='ltr'>illis</span> <span class='ocrx_word' id='word_1_119' title='bbox 1072 1607 1227 1688; x_wconf 82' lang='lat' dir='ltr'>impugna·</span> 
     </span>
     <span class='ocr_line' id='line_1_15' title="bbox 149 1685 1226 1765; baseline 0.006 -14"><span class='ocrx_word' id='word_1_120' title='bbox 149 1697 265 1759; x_wconf 88' lang='lat' dir='ltr'>rentur,</span> <span class='ocrx_word' id='word_1_121' title='bbox 278 1702 296 1749; x_wconf 87' lang='lat' dir='ltr'>a</span> <span class='ocrx_word' id='word_1_122' title='bbox 307 1702 380 1765; x_wconf 80' lang='lat' dir='ltr'>rege</span> <span class='ocrx_word' id='word_1_123' title='bbox 401 1685 541 1764; x_wconf 88' lang='lat' dir='ltr'>petiisse,</span> <span class='ocrx_word' id='word_1_124' title='bbox 556 1692 590 1746; x_wconf 90' lang='lat' dir='ltr'>ut</span> <span class='ocrx_word' id='word_1_125' title='bbox 601 1685 701 1747; x_wconf 85' lang='lat' dir='ltr'>Judaei</span> <span class='ocrx_word' id='word_1_126' title='bbox 721 1687 816 1747; x_wconf 88' lang='lat' dir='ltr'>ultera</span> <span class='ocrx_word' id='word_1_127' title='bbox 828 1687 879 1749; x_wconf 88' lang='lat' dir='ltr'>die</span> <span class='ocrx_word' id='word_1_128' title='bbox 898 1694 967 1751; x_wconf 88' lang='lat' dir='ltr'>suos</span> <span class='ocrx_word' id='word_1_129' title='bbox 983 1690 1124 1756; x_wconf 88' lang='lat' dir='ltr'>inimicos</span> <span class='ocrx_word' id='word_1_130' title='bbox 1144 1696 1226 1758; x_wconf 84' lang='lat' dir='ltr'>Susis</span> 
     </span>
     <span class='ocr_line' id='line_1_16' title="bbox 148 1777 399 1855; baseline -0.024 -16"><span class='ocrx_word' id='word_1_131' title='bbox 148 1777 254 1839; x_wconf 88' lang='lat' dir='ltr'>delere</span> <span class='ocrx_word' id='word_1_132' title='bbox 265 1779 399 1855; x_wconf 75' lang='lat' dir='ltr'>possent.</span> 
     </span>
    </p>

    <p class='ocr_par' dir='ltr' id='par_1_4' title="bbox 146 1855 1325 2201">
     <span class='ocr_line' id='line_1_17' title="bbox 184 1855 1225 1945; baseline 0.012 -26"><span class='ocrx_word' id='word_1_133' title='bbox 184 1864 321 1941; x_wconf 76' lang='lat' dir='ltr'>Corpora</span> <span class='ocrx_word' id='word_1_134' title='bbox 333 1876 405 1920; x_wconf 84' lang='lat' dir='ltr'>vero</span> <span class='ocrx_word' id='word_1_135' title='bbox 422 1858 529 1919; x_wconf 91' lang='lat' dir='ltr'>decem</span> <span class='ocrx_word' id='word_1_136' title='bbox 540 1855 676 1917; x_wconf 85' lang='lat' dir='ltr'>&#39;filioram</span> <span class='ocrx_word' id='word_1_137' title='bbox 690 1858 811 1927; x_wconf 83' lang='lat' dir='ltr'>Amani,</span> <span class='ocrx_word' id='word_1_138' title='bbox 825 1859 876 1936; x_wconf 90' lang='lat' dir='ltr'>qui</span> <span class='ocrx_word' id='word_1_139' title='bbox 893 1860 925 1919; x_wconf 92' lang='lat' dir='ltr'>in</span> <span class='ocrx_word' id='word_1_140' title='bbox 938 1864 1043 1941; x_wconf 85' lang='lat' dir='ltr'>praelio</span> <span class='ocrx_word' id='word_1_141' title='bbox 1054 1868 1225 1945; x_wconf 85' lang='lat' dir='ltr'>perierant,</span> 
     </span>
     <span class='ocr_line' id='line_1_18' title="bbox 146 1942 1325 2029; baseline 0.005 -18"><span class='ocrx_word' id='word_1_142' title='bbox 146 1948 232 2029; x_wconf 80' lang='lat' dir='ltr'>jmu</span> <span class='ocrx_word' id='word_1_143' title='bbox 244 1948 403 2008; x_wconf 85' lang='lat' dir='ltr'>Persamm</span> <span class='ocrx_word' id='word_1_144' title='bbox 418 1943 503 2023; x_wconf 79' lang='lat' dir='ltr'>leges</span> <span class='ocrx_word' id='word_1_145' title='bbox 516 1942 555 2004; x_wconf 92' lang='lat' dir='ltr'>ad</span> <span class='ocrx_word' id='word_1_146' title='bbox 567 1942 702 2022; x_wconf 88' lang='lat' dir='ltr'>patibula</span> <span class='ocrx_word' id='word_1_147' title='bbox 716 1943 754 2003; x_wconf 88' lang='lat' dir='ltr'>ab</span> <span class='ocrx_word' id='word_1_148' title='bbox 773 1943 879 2005; x_wconf 87' lang='lat' dir='ltr'>avibus</span> <span class='ocrx_word' id='word_1_149' title='bbox 897 1944 1071 2011; x_wconf 80' lang='lat' dir='ltr'>devoranda</span> <span class='ocrx_word' id='word_1_150' title='bbox 1087 1961 1186 2025; x_wconf 82' lang='lat' dir='ltr'>erant3</span> <span class='ocrx_word' id='word_1_151' title='bbox 1199 1956 1227 2017; x_wconf 91' lang='lat' dir='ltr'>si</span> <span class='ocrx_word' id='word_1_152' title='bbox 1323 1952 1325 1957; x_wconf 77' lang='grc'>’</span> 
     </span>
     <span class='ocr_line' id='line_1_19' title="bbox 149 2028 1225 2116; baseline 0.008 -21"><span class='ocrx_word' id='word_1_153' title='bbox 149 2034 213 2099; x_wconf 80' lang='lat' dir='ltr'>rivi</span> <span class='ocrx_word' id='word_1_154' title='bbox 225 2031 308 2112; x_wconf 89' lang='lat' dir='ltr'>eapti</span> <span class='ocrx_word' id='word_1_155' title='bbox 319 2030 454 2099; x_wconf 80' lang='lat' dir='ltr'>fuissem,</span> <span class='ocrx_word' id='word_1_156' title='bbox 474 2028 538 2090; x_wconf 86' lang='lat' dir='ltr'>vivi</span> <span class='ocrx_word' id='word_1_157' title='bbox 556 2028 589 2087; x_wconf 94' lang='lat' dir='ltr'>in</span> <span class='ocrx_word' id='word_1_158' title='bbox 607 2044 729 2088; x_wconf 90' lang='lat' dir='ltr'>crucem</span> <span class='ocrx_word' id='word_1_159' title='bbox 747 2028 808 2089; x_wconf 87' lang='lat' dir='ltr'>acti</span> <span class='ocrx_word' id='word_1_160' title='bbox 824 2029 959 2092; x_wconf 85' lang='lat' dir='ltr'>luissent.</span> <span class='ocrx_word' id='word_1_161' title='bbox 979 2034 1023 2095; x_wconf 88' lang='lat' dir='ltr'>lta</span> <span class='ocrx_word' id='word_1_162' title='bbox 1037 2036 1225 2116; x_wconf 80' lang='lat' dir='ltr'>Polycrates,</span> 
     </span>
     <span class='ocr_line' id='line_1_20' title="bbox 149 2113 1188 2201; baseline 0.009 -20"><span class='ocrx_word' id='word_1_163' title='bbox 149 2126 295 2201; x_wconf 73' lang='lat' dir='ltr'>tyrannus</span> <span class='ocrx_word' id='word_1_164' title='bbox 303 2115 529 2187; x_wconf 83' lang='lat' dir='ltr'>samosatensis,</span> <span class='ocrx_word' id='word_1_165' title='bbox 547 2114 586 2176; x_wconf 89' lang='lat' dir='ltr'>ab</span> <span class='ocrx_word' id='word_1_166' title='bbox 599 2113 715 2177; x_wconf 85' lang='lat' dir='ltr'>Oronte</span> <span class='ocrx_word' id='word_1_167' title='bbox 729 2115 816 2177; x_wconf 85' lang='lat' dir='ltr'>vivus</span> <span class='ocrx_word' id='word_1_168' title='bbox 825 2115 858 2176; x_wconf 90' lang='lat' dir='ltr'>in</span> <span class='ocrx_word' id='word_1_169' title='bbox 869 2132 992 2181; x_wconf 88' lang='lat' dir='ltr'>crucem</span> <span class='ocrx_word' id='word_1_170' title='bbox 1003 2131 1086 2187; x_wconf 88' lang='lat' dir='ltr'>actus</span> <span class='ocrx_word' id='word_1_171' title='bbox 1097 2125 1154 2188; x_wconf 86' lang='lat' dir='ltr'>tuit</span> <span class='ocrx_word' id='word_1_172' title='bbox 1167 2127 1188 2190; x_wconf 88' lang='lat'>¹.</span> 
     </span>
    </p>
   </div>
   <div class='ocr_carea' id='block_1_4' title="bbox 193 2252 1174 2325">
    <p class='ocr_par' dir='ltr' id='par_1_5' title="bbox 193 2252 1174 2325">
     <span class='ocr_line' id='line_1_21' title="bbox 193 2252 1174 2325; baseline 0.017 -25"><span class='ocrx_word' id='word_1_173' title='bbox 193 2252 246 2325; x_wconf 68' lang='grc' dir='ltr'>μ.</span> <span class='ocrx_word' id='word_1_174' title='bbox 257 2279 289 2292; x_wconf 94' lang='grc'><strong>-</strong></span> <span class='ocrx_word' id='word_1_175' title='bbox 297 2253 459 2304; x_wconf 77' lang='lat' dir='ltr'>Difficultates</span> <span class='ocrx_word' id='word_1_176' title='bbox 469 2252 546 2316; x_wconf 81' lang='lat' dir='ltr'>partis</span> <span class='ocrx_word' id='word_1_177' title='bbox 556 2252 782 2304; x_wconf 77' lang='lat' dir='ltr'>deuterucononlcae</span> <span class='ocrx_word' id='word_1_178' title='bbox 793 2255 850 2304; x_wconf 89' lang='lat' dir='ltr'>librl</span> <span class='ocrx_word' id='word_1_179' title='bbox 860 2256 955 2307; x_wconf 77' lang='lat' dir='ltr'>Esther.</span> <span class='ocrx_word' id='word_1_180' title='bbox 967 2272 990 2309; x_wconf 85' lang='lat' dir='ltr'>e.</span> <span class='ocrx_word' id='word_1_181' title='bbox 1002 2262 1044 2317; x_wconf 82' lang='lat' dir='ltr'>lo,</span> <span class='ocrx_word' id='word_1_182' title='bbox 1055 2262 1125 2315; x_wconf 79' lang='lat' dir='ltr'>l-c.</span> <span class='ocrx_word' id='word_1_183' title='bbox 1136 2265 1174 2318; x_wconf 83' lang='lat' dir='ltr'>ld.</span> 
     </span>
    </p>
   </div>
   <div class='ocr_carea' id='block_1_5' title="bbox 104 2370 1323 4016">
    <p class='ocr_par' dir='ltr' id='par_1_6' title="bbox 147 2370 1270 2884">
     <span class='ocr_line' id='line_1_22' title="bbox 185 2370 1226 2450; baseline 0.016 -19"><span class='ocrx_word' id='word_1_184' title='bbox 185 2370 451 2442; x_wconf 81' lang='lat' dir='ltr'>ara.ltoattrolict,</span> <span class='ocrx_word' id='word_1_185' title='bbox 469 2370 521 2448; x_wconf 92' lang='lat' dir='ltr'>qui</span> <span class='ocrx_word' id='word_1_186' title='bbox 536 2370 613 2450; x_wconf 87' lang='lat' dir='ltr'>parti</span> <span class='ocrx_word' id='word_1_187' title='bbox 625 2370 908 2434; x_wconf 85' lang='lat' dir='ltr'>deuterocanouicae</span> <span class='ocrx_word' id='word_1_188' title='bbox 920 2373 1142 2444; x_wconf 82' lang='lat' dir='ltr'>libriEstlicris</span> <span class='ocrx_word' id='word_1_189' title='bbox 1154 2400 1226 2448; x_wconf 88' lang='lat' dir='ltr'>auc·</span> 
     </span>
     <span class='ocr_line' id='line_1_23' title="bbox 149 2457 1228 2551; baseline 0.013 -32"><span class='ocrx_word' id='word_1_190' title='bbox 149 2460 302 2521; x_wconf 88' lang='lat' dir='ltr'>toritatem</span> <span class='ocrx_word' id='word_1_191' title='bbox 313 2457 489 2518; x_wconf 90' lang='lat' dir='ltr'>canonicam</span> <span class='ocrx_word' id='word_1_192' title='bbox 499 2457 664 2536; x_wconf 81' lang='lat' dir='ltr'>abnegant,</span> <span class='ocrx_word' id='word_1_193' title='bbox 676 2458 773 2530; x_wconf 87' lang='lat' dir='ltr'>aiunt,</span> <span class='ocrx_word' id='word_1_194' title='bbox 784 2458 867 2520; x_wconf 88' lang='lat' dir='ltr'>illam</span> <span class='ocrx_word' id='word_1_195' title='bbox 884 2460 965 2522; x_wconf 88' lang='lat' dir='ltr'>inter</span> <span class='ocrx_word' id='word_1_196' title='bbox 979 2471 1010 2523; x_wconf 88' lang='lat' dir='ltr'>et</span> <span class='ocrx_word' id='word_1_197' title='bbox 1023 2475 1141 2543; x_wconf 85' lang='lat' dir='ltr'>partem</span> <span class='ocrx_word' id='word_1_198' title='bbox 1154 2490 1228 2551; x_wconf 90' lang='lat' dir='ltr'>pro··</span> 
     </span>
     <span class='ocr_line' id='line_1_24' title="bbox 149 2543 1270 2607; baseline 0 0"><span class='ocrx_word' id='word_1_199' title='bbox 149 2544 359 2607; x_wconf 84' lang='lat' dir='ltr'>toeauouiearu</span> <span class='ocrx_word' id='word_1_200' title='bbox 371 2543 500 2603; x_wconf 82' lang='lat' dir='ltr'>existere</span> <span class='ocrx_word' id='word_1_201' title='bbox 510 2543 774 2607; x_wconf 85' lang='lat' dir='ltr'>contradictiones.</span> <span class='ocrx_word' id='word_1_202' title='bbox 1266 2574 1270 2583; x_wconf 93' lang='lat'>·</span> 
     </span>
     <span class='ocr_line' id='line_1_25' title="bbox 147 2625 1223 2709; baseline 0.019 -23"><span class='ocrx_word' id='word_1_203' title='bbox 147 2682 154 2699; x_wconf 86' lang='grc'><strong>,</strong></span> <span class='ocrx_word' id='word_1_204' title='bbox 183 2630 217 2691; x_wconf 81' lang='grc'>1·</span> <span class='ocrx_word' id='word_1_205' title='bbox 225 2630 339 2693; x_wconf 83' lang='lat' dir='ltr'>Dicunt</span> <span class='ocrx_word' id='word_1_206' title='bbox 351 2625 392 2705; x_wconf 84' lang='lat' dir='ltr'>(e.</span> <span class='ocrx_word' id='word_1_207' title='bbox 406 2627 927 2703; x_wconf 73' lang='lat' dir='ltr'>ll,i·5):lllardoohoousexbibetur</span> <span class='ocrx_word' id='word_1_208' title='bbox 933 2631 994 2709; x_wconf 85' lang='lat' dir='ltr'>jum</span> <span class='ocrx_word' id='word_1_209' title='bbox 1003 2640 1134 2700; x_wconf 91' lang='lat' dir='ltr'>secundo</span> <span class='ocrx_word' id='word_1_210' title='bbox 1146 2658 1223 2707; x_wconf 88' lang='lat' dir='ltr'>anno</span> 
     </span>
     <span class='ocr_line' id='line_1_26' title="bbox 147 2712 1224 2804; baseline 0.009 -28"><span class='ocrx_word' id='word_1_211' title='bbox 147 2716 475 2799; x_wconf 74' lang='lat' dir='ltr'>rogisutuirruepuus,</span> <span class='ocrx_word' id='word_1_212' title='bbox 493 2721 520 2773; x_wconf 86' lang='lat' dir='ltr'>et</span> <span class='ocrx_word' id='word_1_213' title='bbox 533 2712 607 2773; x_wconf 81' lang='lat' dir='ltr'>iuter</span> <span class='ocrx_word' id='word_1_214' title='bbox 616 2714 729 2792; x_wconf 85' lang='lat' dir='ltr'>primos</span> <span class='ocrx_word' id='word_1_215' title='bbox 741 2713 817 2774; x_wconf 80' lang='lat' dir='ltr'>oulae</span> <span class='ocrx_word' id='word_1_216' title='bbox 832 2717 929 2792; x_wconf 77' lang='lat' dir='ltr'>reple,</span> <span class='ocrx_word' id='word_1_217' title='bbox 948 2726 979 2778; x_wconf 90' lang='lat' dir='ltr'>et</span> <span class='ocrx_word' id='word_1_218' title='bbox 996 2719 1081 2795; x_wconf 84' lang='lat' dir='ltr'>juxta</span> <span class='ocrx_word' id='word_1_219' title='bbox 1102 2743 1130 2786; x_wconf 92' lang='lat' dir='ltr'>c.</span> <span class='ocrx_word' id='word_1_220' title='bbox 1143 2727 1172 2797; x_wconf 91' lang='lat'>8,</span> <span class='ocrx_word' id='word_1_221' title='bbox 1194 2732 1224 2804; x_wconf 80' lang='grc'>9,</span> 
     </span>
     <span class='ocr_line' id='line_1_27' title="bbox 148 2799 1224 2884; baseline 0.019 -27"><span class='ocrx_word' id='word_1_222' title='bbox 148 2804 279 2884; x_wconf 77' lang='lat' dir='ltr'>primum</span> <span class='ocrx_word' id='word_1_223' title='bbox 286 2799 511 2879; x_wconf 77' lang='lat' dir='ltr'>magnuslactus</span> <span class='ocrx_word' id='word_1_224' title='bbox 522 2799 702 2876; x_wconf 86' lang='lat' dir='ltr'>estseptimo</span> <span class='ocrx_word' id='word_1_225' title='bbox 712 2801 950 2881; x_wconf 83' lang='lat' dir='ltr'>annoregispost</span> <span class='ocrx_word' id='word_1_226' title='bbox 963 2813 1092 2867; x_wconf 91' lang='lat' dir='ltr'>mortem</span> <span class='ocrx_word' id='word_1_227' title='bbox 1104 2812 1224 2879; x_wconf 84' lang='lat' dir='ltr'>Amani.</span> 
     </span>
    </p>

    <p class='ocr_par' dir='ltr' id='par_1_7' title="bbox 138 2885 1226 3226">
     <span class='ocr_line' id='line_1_28' title="bbox 188 2885 1224 2965; baseline 0.016 -20"><span class='ocrx_word' id='word_1_228' title='bbox 188 2891 302 2951; x_wconf 80' lang='lat' dir='ltr'>veram</span> <span class='ocrx_word' id='word_1_229' title='bbox 317 2888 362 2963; x_wconf 87' lang='lat' dir='ltr'>(c.</span> <span class='ocrx_word' id='word_1_230' title='bbox 374 2887 420 2959; x_wconf 91' lang='lat' dir='ltr'>ll,</span> <span class='ocrx_word' id='word_1_231' title='bbox 435 2885 557 2961; x_wconf 75' lang='lat' dir='ltr'>2·5)est</span> <span class='ocrx_word' id='word_1_232' title='bbox 569 2885 732 2965; x_wconf 87' lang='lat' dir='ltr'>prolepsis,</span> <span class='ocrx_word' id='word_1_233' title='bbox 744 2904 904 2965; x_wconf 78' lang='lat' dir='ltr'>sermoque</span> <span class='ocrx_word' id='word_1_234' title='bbox 919 2898 965 2950; x_wconf 89' lang='lat' dir='ltr'>est</span> <span class='ocrx_word' id='word_1_235' title='bbox 980 2891 1019 2953; x_wconf 92' lang='lat' dir='ltr'>dc</span> <span class='ocrx_word' id='word_1_236' title='bbox 1034 2893 1224 2962; x_wconf 82' lang='lat' dir='ltr'>Mardochaeo</span> 
     </span>
     <span class='ocr_line' id='line_1_29' title="bbox 138 2973 1225 3057; baseline 0.012 -20"><span class='ocrx_word' id='word_1_237' title='bbox 138 2975 205 3057; x_wconf 88' lang='lat' dir='ltr'>qni</span> <span class='ocrx_word' id='word_1_238' title='bbox 224 2982 327 3055; x_wconf 87' lang='lat' dir='ltr'>postea</span> <span class='ocrx_word' id='word_1_239' title='bbox 346 2990 472 3051; x_wconf 80' lang='lat' dir='ltr'>magnus</span> <span class='ocrx_word' id='word_1_240' title='bbox 488 2973 583 3033; x_wconf 86' lang='lat' dir='ltr'>tactus</span> <span class='ocrx_word' id='word_1_241' title='bbox 602 2979 657 3032; x_wconf 90' lang='lat' dir='ltr'>est.</span> <span class='ocrx_word' id='word_1_242' title='bbox 677 2973 828 3036; x_wconf 86' lang='lat' dir='ltr'>Caeterum</span> <span class='ocrx_word' id='word_1_243' title='bbox 849 2975 1058 3039; x_wconf 82' lang='lat' dir='ltr'>Mardoclraeus</span> <span class='ocrx_word' id='word_1_244' title='bbox 1072 2981 1135 3057; x_wconf 82' lang='lat' dir='ltr'>jam</span> <span class='ocrx_word' id='word_1_245' title='bbox 1155 2996 1225 3050; x_wconf 86' lang='lat' dir='ltr'>ante</span> 
     </span>
     <span class='ocr_line' id='line_1_30' title="bbox 149 3057 1226 3153; baseline 0.005 -30"><span class='ocrx_word' id='word_1_246' title='bbox 149 3068 280 3123; x_wconf 86' lang='lat' dir='ltr'>mortem</span> <span class='ocrx_word' id='word_1_247' title='bbox 298 3058 408 3120; x_wconf 79' lang='lat' dir='ltr'>Amani</span> <span class='ocrx_word' id='word_1_248' title='bbox 429 3058 461 3119; x_wconf 93' lang='lat' dir='ltr'>in</span> <span class='ocrx_word' id='word_1_249' title='bbox 483 3057 552 3117; x_wconf 87' lang='lat' dir='ltr'>aula</span> <span class='ocrx_word' id='word_1_250' title='bbox 569 3057 654 3136; x_wconf 80' lang='lat' dir='ltr'>regia</span> <span class='ocrx_word' id='word_1_251' title='bbox 669 3065 748 3129; x_wconf 82' lang='lat' dir='ltr'>crat3</span> <span class='ocrx_word' id='word_1_252' title='bbox 766 3060 937 3120; x_wconf 81' lang='lat' dir='ltr'>morabatur</span> <span class='ocrx_word' id='word_1_253' title='bbox 948 3063 1024 3121; x_wconf 81' lang='lat' dir='ltr'>enirn</span> <span class='ocrx_word' id='word_1_254' title='bbox 1039 3065 1079 3124; x_wconf 86' lang='lat' dir='ltr'>od</span> <span class='ocrx_word' id='word_1_255' title='bbox 1089 3071 1164 3147; x_wconf 79' lang='lat' dir='ltr'>repis</span> <span class='ocrx_word' id='word_1_256' title='bbox 1174 3074 1226 3153; x_wconf 72' lang='lat' dir='ltr'>ja-</span> 
     </span>
     <span class='ocr_line' id='line_1_31' title="bbox 150 3145 1003 3226; baseline 0 -18"><span class='ocrx_word' id='word_1_257' title='bbox 150 3145 450 3224; x_wconf 76' lang='lat' dir='ltr'>anem,seuinregis</span> <span class='ocrx_word' id='word_1_258' title='bbox 461 3152 636 3224; x_wconf 88' lang='lat' dir='ltr'>procoetone</span> <span class='ocrx_word' id='word_1_259' title='bbox 648 3145 943 3226; x_wconf 57' lang='lat' dir='ltr'>(antisteterunt,</span> <span class='ocrx_word' id='word_1_260' title='bbox 957 3149 1003 3208; x_wconf 86' lang='grc'>91.</span> 
     </span>
    </p>

    <p class='ocr_par' dir='ltr' id='par_1_8' title="bbox 139 3232 1226 3483">
     <span class='ocr_line' id='line_1_32' title="bbox 186 3232 1226 3311; baseline 0.013 -20"><span class='ocrx_word' id='word_1_261' title='bbox 186 3236 260 3291; x_wconf 73' lang='lat' dir='ltr'>ate.</span> <span class='ocrx_word' id='word_1_262' title='bbox 271 3232 304 3293; x_wconf 77' lang='lat'>2⁰</span> <span class='ocrx_word' id='word_1_263' title='bbox 317 3233 407 3293; x_wconf 81' lang='lat' dir='ltr'>Juxta</span> <span class='ocrx_word' id='word_1_264' title='bbox 419 3238 509 3311; x_wconf 86' lang='lat' dir='ltr'>caput</span> <span class='ocrx_word' id='word_1_265' title='bbox 528 3232 574 3302; x_wconf 78' lang='lat' dir='ltr'>ld,</span> <span class='ocrx_word' id='word_1_266' title='bbox 584 3232 630 3304; x_wconf 83' lang='lat' dir='ltr'>ll),</span> <span class='ocrx_word' id='word_1_267' title='bbox 645 3250 700 3293; x_wconf 80' lang='lat' dir='ltr'>ren</span> <span class='ocrx_word' id='word_1_268' title='bbox 712 3240 794 3293; x_wconf 88' lang='lat' dir='ltr'>tanto</span> <span class='ocrx_word' id='word_1_269' title='bbox 804 3250 872 3293; x_wconf 91' lang='lat' dir='ltr'>cum</span> <span class='ocrx_word' id='word_1_270' title='bbox 885 3234 985 3295; x_wconf 87' lang='lat' dir='ltr'>furore</span> <span class='ocrx_word' id='word_1_271' title='bbox 1000 3236 1159 3302; x_wconf 88' lang='lat' dir='ltr'>Estherem</span> <span class='ocrx_word' id='word_1_272' title='bbox 1171 3246 1226 3306; x_wconf 91' lang='lat' dir='ltr'>ad·</span> 
     </span>
     <span class='ocr_line' id='line_1_33' title="bbox 148 3318 1224 3409; baseline 0.011 -27"><span class='ocrx_word' id='word_1_273' title='bbox 148 3322 267 3401; x_wconf 72' lang='lat' dir='ltr'>spexit,</span> <span class='ocrx_word' id='word_1_274' title='bbox 279 3318 377 3380; x_wconf 86' lang='lat' dir='ltr'>utilia</span> <span class='ocrx_word' id='word_1_275' title='bbox 392 3334 454 3398; x_wconf 78' lang='lat' dir='ltr'>pree</span> <span class='ocrx_word' id='word_1_276' title='bbox 470 3326 588 3381; x_wconf 89' lang='lat' dir='ltr'>terrore</span> <span class='ocrx_word' id='word_1_277' title='bbox 609 3320 703 3394; x_wconf 91' lang='lat' dir='ltr'>animi</span> <span class='ocrx_word' id='word_1_278' title='bbox 720 3321 887 3399; x_wconf 89' lang='lat' dir='ltr'>deliquium</span> <span class='ocrx_word' id='word_1_279' title='bbox 907 3330 1075 3402; x_wconf 85' lang='lat' dir='ltr'>pateretur,</span> <span class='ocrx_word' id='word_1_280' title='bbox 1096 3336 1127 3390; x_wconf 91' lang='lat' dir='ltr'>et</span> <span class='ocrx_word' id='word_1_281' title='bbox 1142 3330 1224 3409; x_wconf 75' lang='lat' dir='ltr'>Juxta</span> 
     </span>
     <span class='ocr_line' id='line_1_34' title="bbox 139 3404 849 3483; baseline -0.004 -15"><span class='ocrx_word' id='word_1_282' title='bbox 139 3406 220 3483; x_wconf 65' lang='lat' dir='ltr'>nt,</span> <span class='ocrx_word' id='word_1_283' title='bbox 232 3405 263 3479; x_wconf 82' lang='grc'>9,</span> <span class='ocrx_word' id='word_1_284' title='bbox 274 3422 330 3465; x_wconf 83' lang='lat' dir='ltr'>rex</span> <span class='ocrx_word' id='word_1_285' title='bbox 342 3404 475 3483; x_wconf 77' lang='lat' dir='ltr'>benigne</span> <span class='ocrx_word' id='word_1_286' title='bbox 487 3405 646 3467; x_wconf 85' lang='lat' dir='ltr'>Estherem</span> <span class='ocrx_word' id='word_1_287' title='bbox 656 3407 783 3468; x_wconf 90' lang='lat' dir='ltr'>intuitus</span> <span class='ocrx_word' id='word_1_288' title='bbox 795 3416 849 3468; x_wconf 83' lang='lat' dir='ltr'>cst.</span> 
     </span>
    </p>

    <p class='ocr_par' dir='ltr' id='par_1_9' title="bbox 130 3490 1323 3751">
     <span class='ocr_line' id='line_1_35' title="bbox 186 3490 1225 3581; baseline 0.013 -28"><span class='ocrx_word' id='word_1_289' title='bbox 186 3490 244 3555; x_wconf 79' lang='lat' dir='ltr'>Ast</span> <span class='ocrx_word' id='word_1_290' title='bbox 251 3508 307 3553; x_wconf 85' lang='lat' dir='ltr'>rex</span> <span class='ocrx_word' id='word_1_291' title='bbox 317 3491 410 3552; x_wconf 83' lang='lat' dir='ltr'>iratus</span> <span class='ocrx_word' id='word_1_292' title='bbox 416 3490 473 3550; x_wconf 85' lang='lat' dir='ltr'>luit</span> <span class='ocrx_word' id='word_1_293' title='bbox 482 3491 601 3568; x_wconf 87' lang='lat' dir='ltr'>quando</span> <span class='ocrx_word' id='word_1_294' title='bbox 611 3494 769 3555; x_wconf 81' lang='lat' dir='ltr'>Estherem</span> <span class='ocrx_word' id='word_1_295' title='bbox 778 3493 816 3554; x_wconf 91' lang='lat' dir='ltr'>de</span> <span class='ocrx_word' id='word_1_296' title='bbox 827 3495 917 3574; x_wconf 80' lang='lat' dir='ltr'>longe</span> <span class='ocrx_word' id='word_1_297' title='bbox 929 3497 1016 3570; x_wconf 84' lang='lat' dir='ltr'>vidit,</span> <span class='ocrx_word' id='word_1_298' title='bbox 1029 3516 1154 3581; x_wconf 87' lang='lat' dir='ltr'>eamque</span> <span class='ocrx_word' id='word_1_299' title='bbox 1164 3523 1225 3566; x_wconf 94' lang='lat' dir='ltr'>non</span> 
     </span>
     <span class='ocr_line' id='line_1_36' title="bbox 130 3576 1323 3668; baseline 0.013 -27"><span class='ocrx_word' id='word_1_300' title='bbox 130 3576 255 3661; x_wconf 27' lang='lat' dir='ltr'>..nerim</span> <span class='ocrx_word' id='word_1_301' title='bbox 277 3594 315 3639; x_wconf 92' lang='lat' dir='ltr'>eo</span> <span class='ocrx_word' id='word_1_302' title='bbox 336 3576 418 3655; x_wconf 90' lang='lat' dir='ltr'>quod</span> <span class='ocrx_word' id='word_1_303' title='bbox 436 3584 541 3637; x_wconf 89' lang='lat' dir='ltr'>contra</span> <span class='ocrx_word' id='word_1_304' title='bbox 558 3579 621 3658; x_wconf 88' lang='lat' dir='ltr'>ejus</span> <span class='ocrx_word' id='word_1_305' title='bbox 633 3581 805 3643; x_wconf 82' lang='lat' dir='ltr'>mandatum</span> <span class='ocrx_word' id='word_1_306' title='bbox 818 3584 1015 3662; x_wconf 88' lang='lat' dir='ltr'>peccabatur,</span> <span class='ocrx_word' id='word_1_307' title='bbox 1034 3587 1089 3649; x_wconf 85' lang='lat' dir='ltr'>sed</span> <span class='ocrx_word' id='word_1_308' title='bbox 1106 3593 1224 3668; x_wconf 89' lang='lat' dir='ltr'>quando</span> <span class='ocrx_word' id='word_1_309' title='bbox 1320 3638 1323 3642; x_wconf 86' lang='lat'><em>-</em></span> 
     </span>
     <span class='ocr_line' id='line_1_37' title="bbox 138 3662 1176 3751; baseline 0.015 -27"><span class='ocrx_word' id='word_1_310' title='bbox 138 3680 324 3745; x_wconf 75' lang='lat' dir='ltr'>,camprope</span> <span class='ocrx_word' id='word_1_311' title='bbox 333 3662 487 3743; x_wconf 81' lang='lat' dir='ltr'>adspexit,</span> <span class='ocrx_word' id='word_1_312' title='bbox 499 3664 642 3744; x_wconf 91' lang='lat' dir='ltr'>illamque</span> <span class='ocrx_word' id='word_1_313' title='bbox 664 3669 824 3747; x_wconf 80' lang='lat' dir='ltr'>cognovit,</span> <span class='ocrx_word' id='word_1_314' title='bbox 840 3670 1176 3751; x_wconf 82' lang='lat' dir='ltr'>eambenignehabuit.</span> 
     </span>
    </p>

    <p class='ocr_par' dir='ltr' id='par_1_10' title="bbox 185 3748 1225 3839">
     <span class='ocr_line' id='line_1_38' title="bbox 185 3748 1225 3839; baseline 0.017 -30"><span class='ocrx_word' id='word_1_315' title='bbox 185 3750 261 3809; x_wconf 75' lang='lat' dir='ltr'>ert.</span> <span class='ocrx_word' id='word_1_316' title='bbox 281 3748 314 3808; x_wconf 68' lang='grc' dir='ltr'>δ’</span> <span class='ocrx_word' id='word_1_317' title='bbox 330 3751 419 3811; x_wconf 80' lang='lat' dir='ltr'>Juxta</span> <span class='ocrx_word' id='word_1_318' title='bbox 438 3769 466 3815; x_wconf 92' lang='lat' dir='ltr'>c.</span> <span class='ocrx_word' id='word_1_319' title='bbox 487 3753 533 3824; x_wconf 88' lang='grc'>19,</span> <span class='ocrx_word' id='word_1_320' title='bbox 553 3752 566 3811; x_wconf 85' lang='grc'><strong>1</strong></span> <span class='ocrx_word' id='word_1_321' title='bbox 587 3753 735 3815; x_wconf 87' lang='lat' dir='ltr'>coll.cum</span> <span class='ocrx_word' id='word_1_322' title='bbox 748 3772 775 3814; x_wconf 91' lang='lat' dir='ltr'>c.</span> <span class='ocrx_word' id='word_1_323' title='bbox 796 3754 842 3825; x_wconf 86' lang='lat' dir='ltr'>ll,</span> <span class='ocrx_word' id='word_1_324' title='bbox 856 3755 886 3825; x_wconf 87' lang='grc'>9,</span> <span class='ocrx_word' id='word_1_325' title='bbox 898 3757 1036 3819; x_wconf 87' lang='lat' dir='ltr'>Eunuchi</span> <span class='ocrx_word' id='word_1_326' title='bbox 1049 3761 1180 3839; x_wconf 66' lang='lat' dir='ltr'>Burgatha</span> <span class='ocrx_word' id='word_1_327' title='bbox 1194 3772 1225 3826; x_wconf 89' lang='lat' dir='ltr'>et</span> 
     </span>
    </p>

    <p class='ocr_par' dir='ltr' id='par_1_11' title="bbox 104 3834 1224 4016">
     <span class='ocr_line' id='line_1_39' title="bbox 104 3834 1224 3930; baseline 0.013 -33"><span class='ocrx_word' id='word_1_328' title='bbox 104 3834 251 3923; x_wconf 29' lang='grc' dir='ltr'>,ἐξῇ-ιη</span> <span class='ocrx_word' id='word_1_329' title='bbox 271 3852 380 3917; x_wconf 75' lang='lat' dir='ltr'>regem</span> <span class='ocrx_word' id='word_1_330' title='bbox 402 3837 441 3900; x_wconf 88' lang='lat' dir='ltr'>de</span> <span class='ocrx_word' id='word_1_331' title='bbox 469 3840 571 3901; x_wconf 90' lang='lat' dir='ltr'>medio</span> <span class='ocrx_word' id='word_1_332' title='bbox 592 3839 701 3901; x_wconf 87' lang='lat' dir='ltr'>tollere</span> <span class='ocrx_word' id='word_1_333' title='bbox 722 3840 882 3902; x_wconf 86' lang='lat' dir='ltr'>voluerunt</span> <span class='ocrx_word' id='word_1_334' title='bbox 900 3844 1033 3904; x_wconf 89' lang='lat' dir='ltr'>secundo</span> <span class='ocrx_word' id='word_1_335' title='bbox 1059 3862 1137 3906; x_wconf 89' lang='lat' dir='ltr'>anno</span> <span class='ocrx_word' id='word_1_336' title='bbox 1161 3851 1224 3930; x_wconf 86' lang='lat' dir='ltr'>ejus</span> 
     </span>
     <span class='ocr_line' id='line_1_40' title="bbox 104 3922 1222 4016; baseline 0.013 -33"><span class='ocrx_word' id='word_1_337' title='bbox 104 3934 111 4007; x_wconf 71' lang='grc' dir='ltr'>ξΙ</span> <span class='ocrx_word' id='word_1_338' title='bbox 129 3924 299 4011; x_wconf 54' lang='lat' dir='ltr'>‚menet</span> <span class='ocrx_word' id='word_1_339' title='bbox 305 3922 392 4001; x_wconf 78' lang='lat' dir='ltr'>iuxta</span> <span class='ocrx_word' id='word_1_340' title='bbox 402 3941 430 3987; x_wconf 90' lang='lat' dir='ltr'>c.</span> <span class='ocrx_word' id='word_1_341' title='bbox 440 3924 470 3998; x_wconf 85' lang='grc'>9,</span> <span class='ocrx_word' id='word_1_342' title='bbox 480 3926 527 3998; x_wconf 83' lang='lat' dir='ltr'>to,</span> <span class='ocrx_word' id='word_1_343' title='bbox 536 3925 584 3999; x_wconf 82' lang='grc'>91,</span> <span class='ocrx_word' id='word_1_344' title='bbox 601 3924 634 3989; x_wconf 92' lang='lat' dir='ltr'>id</span> <span class='ocrx_word' id='word_1_345' title='bbox 645 3925 745 3992; x_wconf 81' lang='lat' dir='ltr'>tacere</span> <span class='ocrx_word' id='word_1_346' title='bbox 756 3925 917 3993; x_wconf 73' lang='lat' dir='ltr'>nonerunt</span> <span class='ocrx_word' id='word_1_347' title='bbox 925 3930 1053 4013; x_wconf 78' lang='lat' dir='ltr'>septeno</span> <span class='ocrx_word' id='word_1_348' title='bbox 1062 3931 1126 4011; x_wconf 82' lang='lat' dir='ltr'>ejus</span> <span class='ocrx_word' id='word_1_349' title='bbox 1136 3938 1222 4016; x_wconf 80' lang='lat' dir='ltr'>regni</span> 
     </span>
    </p>
   </div>
   <div class='ocr_carea' id='block_1_6' title="bbox 127 4052 477 4186">
    <p class='ocr_par' dir='ltr' id='par_1_12' title="bbox 127 4052 477 4186">
     <span class='ocr_line' id='line_1_41' title="bbox 230 4052 240 4079; baseline 0 0"><span class='ocrx_word' id='word_1_350' title='bbox 230 4052 240 4079; x_wconf 71' lang='grc' dir='ltr'>Ι</span> 
     </span>
     <span class='ocr_line' id='line_1_42' title="bbox 127 4080 477 4186; baseline 0.026 -25"><span class='ocrx_word' id='word_1_351' title='bbox 127 4080 477 4186; x_wconf 53' lang='lat' dir='ltr'>{-].&#39;t&#39;nona,.r.s.e.no,</span> 
     </span>
    </p>
   </div>
   <div class='ocr_carea' id='block_1_7' title="bbox 0 0 1358 4846">
    <p class='ocr_par' dir='ltr' id='par_1_13' title="bbox 0 0 1358 4846">
     <span class='ocr_line' id='line_1_43' title="bbox 0 0 1358 4846; baseline 0 0"><span class='ocrx_word' id='word_1_352' title='bbox 0 0 1358 4846; x_wconf 95' lang='lat' dir='ltr'> </span> 
     </span>
    </p>
   </div>
  </div>
 </body>
</html>
