2708 4846
268 452 313 502 DE
328 452 555 506 tautonibus
579 454 707 505 ΜΗΘ
726 456 964 506 utttttAEtttttttt.
1006 474 1010 482 ·
1116 459 1163 509 m

59 540 63 546 ’
109 546 232 607 Festum
247 544 307 607 boc
323 547 493 610 institutum
502 550 559 611 init
566 550 790 612 inmemoriam
805 552 885 629 tegis
897 553 996 628 Movet
1010 555 1044 614 tn
1055 562 1161 617 monto

69 624 160 690 Sinai
172 645 189 688 a
199 629 264 690 Deo
277 630 371 701 datae,
385 633 635 714 quinquagesimo
646 635 699 696 die
711 644 779 715 post
791 636 994 698 israiiitarnm
1003 655 1161 718 egressum

70 716 266 793 exAEqypto.
277 716 531 795 Finisbujostesti
539 727 614 792 erat,
623 722 689 783 Deo
699 721 830 800 prodata
838 722 909 802 tege
916 724 1048 786 Mosaica
1060 733 1091 785 et
1103 742 1159 805 pro

67 812 170 860 messe
177 798 329 861 solemnes
341 803 506 880 gratiarum
525 806 661 866 actiones
673 805 822 878 reddere‚·
843 825 935 883 quare
950 810 1042 871 etiam
1054 809 1161 871 totou-

66 886 149 945 tritos
159 888 260 947 messio
266 888 1157 976 preiro'tioorumsenprimitiarumvocabatur(Exod.2ii‚id).

106 972 173 1033 Duo
187 989 281 1051 panes
294 992 331 1034 ex
344 977 441 1037 tonina
449 994 595 1039 novarum
605 979 739 1056 trogum,
753 986 843 1057 atque
856 980 975 1043 decima
983 999 1052 1062 pars
1062 983 1159 1064 prae

68 1058 206 1136 ejtudem
225 1060 346 1130 farina,
363 1069 397 1121 ut
412 1063 557 1138 primitiae
574 1067 681 1127 mossis
696 1065 903 1126 offerebantur
909 1084 918 1137 ;
938 1084 1030 1145 quare
1046 1069 1159 1128 Pente·

66 1151 168 1206 costes
185 1144 246 1205 dieo
257 1146 474 1224 prbuitioomtm
489 1150 829 1230 nuncupabaturfflmn.
846 1150 898 1222 28,
912 1151 980 1227 26).
994 1152 1061 1214 Hoc
1079 1152 1157 1214 testo

90 1229 156 1289 lora
169 1229 362 1301 holocausta,
376 1240 407 1293 et
416 1232 596 1296 sacrificirun
610 1253 664 1316 pro
677 1242 820 1314 peccato,
841 1235 1046 1297 offerebantur
1059 1237 1155 1314 (Lau.

115 1359 123 1384 ‚
138 1315 224 1375 {820
233 1316 256 1394 ).
267 1317 317 1378 Ad
330 1317 438 1378 testum
452 1320 640 1384 Pentecostia
651 1321 754 1384 iudaei
765 1320 967 1403 undequaque
978 1322 1156 1404 Hierosoly·

65 1417 149 1464 mam
161 1404 402 1474 concurrebant(
413 1408 483 1469 Act.
492 1406 543 1487 2).

151 1536 329 1605 ssxxx-De
346 1543 408 1595 tatto
424 1544 649 1597 numentum
664 1558 712 1597 aen
727 1545 887 1610 &conuecta
903 1549 931 1600 ot
943 1547 1067 1599 coliem

102 1659 178 1717 872·
190 1660 312 1721 Festum
322 1662 600 1729 tabernaculorum
611 1666 781 1727 institutum
793 1666 850 1726 tuit
864 1665 897 1726 in
910 1666 1087 1727 memoriam
1098 1666 1153 1728 ttt-

64 1745 152 1808 ueris
166 1748 369 1809 lsraetturnm
382 1766 439 1828 per
458 1750 601 1813 Arabiam
616 1753 779 1827 Petraeam,
796 1752 851 1813 ubi
874 1752 931 1812 sub
949 1752 1154 1816 tabernaculis

64 1849 120 1892 seu
132 1831 272 1894 tentoriis
291 1833 485 1906 habitarunt,
504 1842 595 1915 atquo
611 1835 684 1900 binc
697 1834 803 1913 foebam
824 1834 1105 1906 Tobomoouiorum,
1119 1844 1153 1900 et

63 1935 166 2002 graece
187 1937 327 1991 ummo
345 1919 537 1999 Sceoopcqio,
558 1928 762 2002 nuncupatum
786 1919 859 1991 fuit,
887 1920 1095 1981 simulantem
1117 1921 1151 1983 in

63 2010 228 2087 gratiarum
240 2007 391 2069 actionem
401 2006 591 2067 collectionis
602 2005 955 2073 trocmumetvtndemiae
964 2005 1152 2069 celebratum

62 2095 158 2155 tuisse
171 2093 302 2155 videtur.
1136 2100 1142 2109 ·

101 2181 321 2245 Celebrabatur
339 2177 399 2240 hoc
415 2178 524 2240 testum
542 2195 560 2240 a
578 2179 698 2241 decima
714 2179 819 2258 quinta
832 2178 884 2242 die
901 2179 1015 2240 menois
1026 2178 1149 2260 septimi

61 2268 205 2329 seuTisri
217 2264 356 2345 usquead
366 2265 542 2345 vigesimam
554 2267 686 2336 tertiam,
700 2283 757 2345 per
767 2274 837 2327 octo
850 2281 959 2344 nempe
973 2266 1039 2327 dies
1052 2267 1150 2327 conti·

59 2370 150 2417 nuos.
157 2353 272 2422 Octava
282 2351 389 2414 diesut
399 2353 507 2414 ieotrun
515 2354 670 2433 peculiare
680 2352 797 2432 adjecta
808 2359 873 2414 erat
882 2353 967 2429 (Lev.
977 2351 1025 2423 25,
1035 2351 1146 2431 bit-bb).

99 2438 223 2498 Hebraei
232 2437 281 2498 bis
295 2436 481 2499 octodiebus
491 2440 548 2501 sub
560 2438 763 2500 tabernaculis
772 2455 826 2500 sou
841 2438 997 2509 tentoriis,
1008 2439 1083 2498 utin
1094 2438 1148 2500 itt·

58 2541 136 2591 uere
149 2541 205 2603 por
216 2523 360 2584 Arabiam
369 2524 527 2596 Petraeam,
540 2524 679 2585 babitare
691 2523 847 2584 debebant
858 2525 949 2600 (Lev.
962 2523 1010 2595 25,
1023 2523 1111 2583 bittit
1120 2522 1144 2604 ).

59 2612 134 2672 iiaec
149 2609 279 2671 tentoria
291 2624 383 2687 super
394 2608 518 2678 domos,
530 2610 563 2668 ln
576 2609 738 2669 Palaestina
749 2616 868 2685 aequato
882 2616 963 2669 tecto
974 2617 1144 2688 coopertas,

59 2695 111 2756 vel
125 2696 193 2756 aliis
202 2696 237 2770 jn
251 2694 328 2753 iocis
348 2693 545 2759 extruebant,
558 2700 650 2769 atque
666 2692 740 2770 ipsis
758 2698 842 2751 extra
857 2692 910 2753 illa
923 2692 1071 2764 dormire,
1090 2711 1145 2755 co·

57 2781 199 2849 medere,
212 2797 248 2840 ac
260 2779 369 2838 bibere
380 2776 508 2834 vetitum
519 2783 586 2836 erat
594 2780 618 2841 *.

96 2866 198 2927 Primo
207 2864 258 2924 die
271 2863 340 2925 testi
349 2860 626 2922 Tabernacuiorom
635 2858 735 2920 Judaei
745 2858 883 2920 manibut
894 2860 975 2921 terre
988 2860 1144 2927 debebant

55 2954 173 3013 tructus
184 2949 301 3011 arboris
313 2945 539 3027 putcherrimae,
554 2963 622 3024 quae
635 2946 771 3006 creditur
786 2961 852 3005 esso
869 2947 963 3007 citrus
975 2964 1032 3009 seu
1045 2949 1142 3013 malus

54 3037 194 3103 Modica,
208 3033 339 3111 spatulae
351 3032 534 3107 palmarum,
547 3046 706 3107 ramosque
722 3029 849 3089 aliarum
862 3030 1004 3092 arborum
1016 3032 1142 3095 frondo-

55 3138 157 3183 sarum
166 3120 258 3193 (Lov.
271 3115 416 3186 ibbo-di
429 3115 449 3191 ).
463 3108 586 3175 Hebraei
600 3112 757 3175 bosramos
764 3114 963 3194 colligabant,
976 3121 1140 3198 totaprima

55 3205 111 3270 die
123 3202 301 3283 gestabunt,
315 3207 404 3277 atque
419 3199 450 3259 in
468 3199 533 3276 ipso
551 3199 744 3261 tabernaculo
755 3199 805 3259 vei
828 3200 940 3281 tempto
953 3203 1137 3266 retinebant

55 3290 137 3361 Aliis
150 3287 257 3350 diebus
275 3284 363 3363 hujus
376 3284 445 3346 festi
458 3284 550 3346 hosce
569 3302 668 3346 ramos
684 3284 839 3345 dumtaxat
853 3284 891 3346 ad
910 3287 1140 3353 tabernactdum

55 3377 108 3441 vel
119 3372 263 3454 templum
275 3371 431 3442 terebant,
445 3370 497 3431 ubi
513 3370 581 3431 illos
593 3370 733 3431 manibus
749 3378 888 3435 tenentes
904 3370 998 3432 altare
1008 3372 1139 3434 circum·

56 3462 178 3529 dabant,
190 3455 751 3537 otqnelaetum[losannadecantabant.
763 3456 1137 3537 tubaeautemeotemporo

53 3547 257 3624 undequaque
272 3543 462 3608 resonabant.
484 3541 570 3602 visio
584 3541 784 3622 Apocalypsis
807 3541 843 3612 t,
863 3542 917 3602 ubi
934 3544 1068 3605 Joannes
1079 3543 1136 3607 do-

85 3669 233 3728 ·Geuttteo‚
249 3668 291 3728 qni
308 3667 379 3728 ptura
393 3679 408 3714 a
422 3665 514 3716 indatio
528 3667 635 3716 mutuati
650 3669 716 3727 suut,
728 3665 820 3727 partor
830 3665 892 3715 testa
901 3667 1014 3729 qucum
1023 3667 1069 3717 tub
1079 3670 1136 3721 uo-

52 3743 125 3796 tortu
145 3736 312 3789 celebrabant.
323 3735 426 3784 ovidius
435 3733 445 3793 (
455 3737 521 3783 inst.
536 3735 581 3783 tto.
590 3734 626 3797 ὅ)
640 3735 675 3783 ita
686 3734 804 3783 describit
814 3734 904 3785 testum
914 3737 991 3787 Auno
1004 3739 1133 3805 Pomm

54 3810 120 3877 qood
131 3809 214 3860 Roman
224 3808 270 3855 tub
278 3803 393 3855 tentorib
401 3802 522 3851 viridibus
531 3803 665 3862 tuebatura

258 3913 297 3952 Ιώ
305 3912 352 3949 Jm
362 3922 405 3958 pm
415 3912 480 3952 durat.
493 3913 546 3959 ponci
558 3913 639 3948 tentori·
647 3917 730 3957 ponam

280 3967 327 4003 bnt
338 3966 421 4012 quibu
431 3965 487 4000 rani·
495 3965 572 4003 tro-ou
581 3967 632 4004 taeta
642 3973 686 4000 tuo
693 3971 726 4001 ut.

258 4020 303 4057 Part
312 4021 346 4056 tibi
356 4031 388 4066 pro
397 4019 461 4066 rigidit
473 4019 551 4057 eatam
558 4026 636 4056 utatur}
643 4017 745 4061 ‹du-itt

282 4074 364 4120 uoq-e
371 4080 452 4108 ntem
460 4071 562 4120 tumr«
575 4080 634 4121 tom,
