2708 4846
125 428 184 479 ΜΟ
227 455 229 458 >
589 424 768 474 alestorn

138 527 170 580 et
183 518 328 580 libamine
340 514 419 586 vini,
439 512 622 577 offerrentur
633 514 699 577 lieo
712 515 744 575 in
759 508 958 585 saerilieiom,
972 511 1084 577 hircus
1096 531 1149 596 pro
1158 530 1217 594 pao

138 603 446 672 nato‘immolaretur,
469 608 558 679 atque
579 609 613 661 ut
634 598 807 662 sacerdotes
831 598 916 661 tubis
938 599 1144 679 clangerent:
1161 620 1176 656 ι
1191 603 1219 661 ln

139 712 156 749 ιι
169 686 303 752 calendis
317 688 451 748 offeretis
466 686 674 747 holocaustum
691 686 836 754 Domino,
858 685 904 746 ait
924 685 1055 763 Moyses
1076 686 1220 757 llebnois,

138 774 279 837 »vitulos
292 774 330 834 do
344 781 480 834 armento
498 773 586 842 duos,
604 773 732 833 arietem
746 780 856 841 unuin,
871 786 973 849 agnos
989 771 1152 832 anniculos
1162 789 1220 850 sop-

138 879 155 918 ιι
169 867 232 921 tem
245 860 466 928 immaculatos,
488 866 519 919 et
531 867 592 920 tres
606 859 739 920 decimas
752 856 857 919 similae
867 857 939 917 oleo
950 873 1130 937 conspersae
1143 858 1173 918 in
1184 875 1221 919 sa-

138 946 284 1010 »orificio
294 962 350 1025 per
360 946 494 1025 singulos
506 943 636 1006 vitulos:
658 951 690 1005 et
707 944 781 1005 duas
795 942 930 1004 decimas
947 944 1066 1005 similae
1079 944 1148 1005 oleo
1159 963 1232 1009 oon!

138 1052 157 1091 ιι
167 1048 279 1112 spersae
289 1046 344 1111 per
355 1031 488 1109 singulos
502 1031 631 1091 arietes:
646 1037 677 1090 et
689 1028 838 1090 decimam
846 1027 981 1091 decimae
991 1030 1105 1090 similas
1116 1046 1154 1091 ex
1161 1029 1220 1090 oleo

138 1115 362 1180 oln'sacriiicio
374 1134 429 1195 por
440 1134 534 1195 agnos
545 1116 689 1195 singulos.
705 1116 920 1177 Holocaustnm
931 1116 1114 1177 suavissimi
1129 1115 1221 1177 odoris

138 1222 156 1263 ιι
170 1212 260 1279 atoue
273 1203 391 1273 incensi
403 1210 449 1265 est
460 1202 600 1262 Domino.
614 1202 793 1262 libamenta
803 1207 905 1262 autom
915 1201 1001 1273 vini,
1016 1220 1089 1281 quae
1101 1202 1220 1281 porsin-

139 1308 156 1348 ιι
169 1290 255 1369 gulas
274 1288 429 1349 fundenda
441 1295 510 1349 sont
526 1286 679 1355 victimas,
693 1287 751 1347 ista
764 1293 871 1347 erunt:
885 1286 993 1349 media
1009 1305 1084 1368 pars
1099 1289 1156 1347 ilio
1170 1302 1221 1365 per

139 1394 156 1432 ιι
169 1375 303 1452 singulos
312 1373 441 1441 vitulos,
457 1373 546 1433 tertia
557 1372 765 1451 permistam,
776 1378 881 1448 quarta
892 1388 950 1450 per
959 1388 1082 1452 agnum.
1093 1374 1154 1432 Hoc
1164 1370 1219 1431 erit

138 1457 375 1518 »holocaustum
388 1473 444 1533 per
455 1474 561 1517 omnes
572 1473 708 1526 menses,
721 1457 774 1534 qui
788 1456 849 1516 sibi
866 1472 949 1516 anno
964 1464 1105 1518 vertente
1120 1472 1216 1516 succe

140 1564 157 1601 ιι
170 1544 254 1605 dunt.
269 1544 377 1604 iliram
390 1559 509 1621 quoque
522 1543 667 1603 oderetur
675 1543 804 1603 Domino
814 1559 870 1621 pro
879 1543 1020 1620 peccatis
1031 1545 1065 1605 in
1071 1543 1216 1603 holocaus-

138 1648 157 1687 ιι
169 1637 233 1691 tum
247 1629 540 1708 sempiternumcum
552 1629 727 1691 libamentis
739 1632 810 1690 suis.
823 1649 838 1686 ιι
849 1630 954 1706 (Num.
968 1628 1019 1704 28,
1029 1628 1125 1689 11-111.
1137 1626 1216 1691 cont

138 1714 228 1781 itum
245 1716 290 1784 to,
305 1716 363 1793 10).

176 1802 391 1864 Celebratione
414 1802 648 1864 Neomeniarum
668 1818 771 1862 rursus
790 1798 1001 1880 chronologias
1029 1802 1217 1863 Hebraeorum

139 1888 363 1951 eomulebatur.
384 1889 526 1949 Poterant
544 1895 643 1948 autem
655 1886 755 1950 Judaei
769 1885 879 1948 diebus
886 1887 1130 1950 Neomeniarum
1141 1885 1217 1947 solita

139 1988 194 2035 sua
212 1973 311 2035 oldaia
326 1973 424 2034 obire.

291 2117 308 2188 ,ς
325 2120 591 2171 xxxi-nooman
607 2121 670 2170 nori
680 2119 755 2181 anni,
771 2130 817 2169 son
834 2118 1078 2171 munium.

176 2242 248 2297 668.
270 2240 439 2300 Neomenia
458 2239 591 2299 omnium
610 2238 829 2301 solemnissima
849 2245 914 2300 erat
929 2238 1105 2302 Neomenia
1119 2240 1216 2302 mansit

102 2350 109 2360 .
137 2325 276 2402 septimi,
291 2324 371 2383 Tisri
384 2340 438 2383 seu
451 2323 571 2383 'lisobri
583 2324 698 2393 vocati,
712 2342 772 2402 quo
788 2340 884 2385 annus
893 2324 997 2387 civilis
1009 2326 1214 2406 incipiebatur.

137 2408 252 2468 Mensis
273 2408 330 2466 ista
344 2406 508 2484 respondet
520 2407 617 2467 mensi
635 2407 825 2485 Septembris
840 2407 889 2469 vel
903 2408 1062 2472 Octobris.
1078 2411 1215 2473 utebar

136 2506 222 2553 saera
236 2498 318 2562 erat,
331 2498 421 2569 atque
437 2508 493 2572 por
505 2507 573 2551 eam
585 2491 687 2552 omnia
697 2509 792 2571 opera
809 2493 933 2555 servilia
946 2494 1122 2558 omittenda
1133 2502 1212 2558 erant.

138 2597 155 2634 o
169 2578 274 2638 diense
286 2577 431 2655 septimo,
445 2578 488 2637 ait
497 2579 631 2656 Moyses,
646 2579 743 2656 prima
759 2578 810 2641 die
827 2580 956 2651 mensis,
971 2582 1034 2643 erit
1050 2584 1141 2647 vobis
1151 2580 1213 2643 Sab-

137 2662 307 2731 »bathum,
323 2664 509 2732 memoriale,
524 2663 735 2742 elangentibus
749 2664 839 2733 tubis,
854 2672 886 2726 et
898 2667 1063 2727 vocabitur
1074 2677 1214 2729 sanetum:

136 2765 256 2808 »omne
271 2767 345 2829 opus
361 2750 474 2810 servile
491 2768 551 2809 non
568 2749 685 2810 iacietis
701 2749 733 2810 in
751 2768 804 2820 oo,
822 2759 854 2811 et
870 2750 1007 2813 offeretis
1019 2753 1216 2816 holocausttui

137 2836 296 2898 »Domino
307 2837 398 2910 (lev.
411 2836 463 2905 io,
480 2836 596 2904 it-itii.
609 2857 624 2891 ιι
637 2835 714 2896 Cum
727 2837 786 2899 hoo
803 2838 878 2898 iesto
895 2839 1020 2899 initium
1039 2842 1113 2902 anni
1130 2841 1217 2902 civilis

136 2924 238 2983 sonitu
256 2924 395 2981 tubanrm
411 2923 653 2994 annuntiaretur,
670 2923 845 2986 solemnitas
856 2925 923 2987 baeo
934 2929 1063 2988 sestam
1084 2929 1217 2989 iotam

136 3014 311 3085 nuncupata
323 3006 388 3066 init.

174 3093 289 3152 Praetar
305 3092 465 3162 sacrificia,
480 3110 547 3170 qrrao
560 3095 590 3154 in
607 3094 675 3155 aliis
685 3095 862 3156 Neomeniis
877 3095 1102 3169 offerebantur,
1116 3096 1216 3161 sacrifi·

136 3181 201 3241 cari
217 3179 373 3241 debebant
387 3181 417 3241 in
430 3180 636 3241 holocaustum
654 3183 780 3253 vitulus,
800 3183 896 3249 aries,
915 3191 1036 3260 septem
1052 3187 1124 3263 agni
1141 3185 1215 3247 anni·

136 3264 214 3337 culi,
229 3264 399 3327 ouiniarina
412 3266 480 3326 oleo
493 3266 628 3345 pertusa,
644 3278 674 3327 et
683 3265 828 3328 libamine
841 3268 917 3329 tini.
929 3268 1044 3330 Hirrus
1055 3270 1219 3333 oderendm

63 3400 67 3410 ,
137 3361 203 3412 etut
215 3368 270 3431 pro
285 3360 408 3429 peceato
419 3351 524 3426 (Num.
538 3352 590 3420 sii,
605 3352 636 3421 i,
652 3352 742 3428 eto).

174 3435 313 3497 Gentiles
323 3436 472 3512 ‹poondam
493 3436 619 3514 primum
631 3434 1031 3499 diemmonsisinhonorem
1043 3440 1220 3503 Lmiae'cele

136 3520 286 3594 brarmit3
303 3522 383 3582 liuno
401 3530 502 3582 autom
515 3524 643 3593 cultum,
661 3524 755 3584 variis
771 3524 1043 3601 superstitionibus
1060 3530 1220 3597 refertum,

138 3609 188 3668 vel
203 3607 407 3667 aNeomeniis
422 3607 619 3668 iloboaomm
633 3608 759 3669 mutuati
772 3615 856 3678 sunt,
870 3608 919 3667 vel
934 3610 1054 3671 Lunam
1069 3613 1223 3674 coluerunt

135 3694 218 3773 quod
231 3702 291 3753 tom
305 3694 404 3754 (lorino
415 3695 577 3773 conspicua
591 3695 691 3755 tiabat.
703 3696 771 3754 Non
785 3712 858 3754 voro
870 3695 995 3755 llebraei
1008 3715 1082 3759 suas
1097 3702 1222 3761 Neorno-

135 3779 203 3838 nias
216 3795 233 3837 a
246 3778 413 3839 Geritilium
424 3778 505 3840 cultu
518 3780 610 3839 Lunoe
621 3781 887 3858 deprompserunt,
902 3788 935 3840 ut
948 3781 1041 3842 Joan.
1057 3784 1221 3865 Speucerus

136 3863 170 3922 in
192 3881 245 3924 sua
258 3865 470 3926 dissertatione
490 3865 522 3924 in
540 3865 723 3925 Neomenias
745 3867 889 3925 oviiioere
910 3866 1041 3927 vellet¹.

169 3981 180 4024 ¹
191 3985 337 4049 Smncordo
348 3989 463 4050 Leuibus,
471 3987 630 4038 liobraorum
640 3987 780 4037 ditantibus
788 3989 837 4041 ete.
848 3988 895 4039 lib.
906 3991 922 4039 ὅ
942 4002 966 4040 c.
979 3991 1004 4056 i,
1015 3994 1153 4046 Dissertt
