2708 4846
149 446 197 500 m
552 445 598 496 bu
616 444 821 497 turflattrta

184 538 381 603 Contendunt
397 538 451 601 alii
483 538 597 602 Tobias
609 539 772 618 'reliquisse
790 533 985 605 dccmuenta',
999 529 1023 596 'c
1037 533 1149 614 quibus
1162 532 1234 595 lute-

147 626 225 687 toria
244 631 349 705 postea
365 628 502 687 coniecta
521 626 575 696 sit,
598 634 759 705 propterea
777 624 859 701 quod
879 622 913 682 in
934 623 988 682 illa
1004 627 1167 682 occurrant
1177 638 1235 682 re-

148 713 318 787 flectiones,
340 719 371 774 et
386 730 468 774 mors
483 714 640 790 utriusque
650 712 780 789 ischias,
803 726 877 787 quas
891 709 999 769 Tobiae
1024 707 1143 769 reterre
1162 724 1225 773 neu

146 805 317 879 potuerunt.
343 799 376 859 Si
396 798 503 861 Tobiae
520 807 658 860 auctores
680 804 781 859 essent
800 794 888 873 hujus
909 795 997 866 libri,
1012 794 1080 868 eius
1096 802 1170 855 aehs
1184 797 1222 859 ad

145 887 305 966 septimum
325 886 467 947 saeculum
489 893 560 947 ante
579 902 671 947 arram
687 885 843 963 vulgarem
855 883 1068 943 adscenderet·
1083 883 1131 946 Cl.
1143 882 1216 946 Jahn

146 972 297 1035 existimat
312 973 398 1035 illum
408 974 466 1047 lvix
478 981 548 1034 autc
565 991 676 1035 annum
694 973 749 1034 200
766 973 816 1032 rel
835 971 888 1031 llio
905 978 975 1031 ante
989 969 1144 1033 Christum
1152 989 1214 1034 eon

128 1061 334 1161 ‘tectumcsse
350 1062 370 1122 ¹.
385 1058 843 1139 (2Cont.n.5t56etll7lhi.)
1024 1067 1032 1085 ‘

416 1225 556 1293 §Lxxxll
565 1226 776 1288 -hrgumentum
787 1224 845 1274 libri
855 1224 945 1275 Tobiae.

73 1382 76 1388 ·
180 1352 423 1425 hil-'Continet
446 1360 500 1420 hic
523 1359 606 1420 liber
630 1360 786 1421 historiam
810 1376 828 1420 e
849 1358 1026 1437 captivitate
1045 1358 1206 1438 assyriam

143 1465 232 1526 quam
262 1448 448 1508 salmanasar
475 1446 584 1507 decem
614 1447 712 1506 tribus
739 1445 832 1506 lsrael
857 1444 1037 1519 abduxerat,
1061 1446 1100 1507 de
1121 1446 1207 1508 Tabia

142 1537 263 1597 seniore
286 1553 321 1597 ae
339 1534 470 1615 juniore.
490 1533 604 1594 Tobias
626 1533 728 1594 senior
750 1532 789 1592 de
806 1533 904 1593 Tribu
919 1532 1099 1608 Nephthah,
1114 1548 1208 1595 eversa

141 1638 198 1701 per
220 1622 456 1683 Salmanasarem
478 1619 624 1690 Samaria,
646 1620 679 1678 in
700 1619 855 1697 Assyriam
876 1619 1038 1690 abductus,
1058 1619 1091 1680 in
1108 1620 1208 1680 Ninive

141 1715 343 1769 commoratus
364 1714 424 1779 est,
438 1706 492 1766 ubi
510 1722 544 1766 se
565 1705 599 1765 in
621 1704 697 1765 alios
714 1704 863 1764 Israelitas
882 1703 1054 1765 beneficum
1067 1705 1208 1777 exhibuit,

141 1802 233 1873 atque
256 1793 432 1854 interfectos
453 1791 606 1872 sepelivit.
631 1790 721 1871 Apud
744 1790 893 1851 Gabolum
913 1790 946 1849 in
967 1792 1081 1870 Reges,
1096 1792 1210 1853 civitate

140 1882 313 1954 Medorum,
340 1880 376 1940 ltl
400 1881 515 1941 talenta
537 1879 655 1958 argenti
680 1878 736 1940 sub
762 1877 962 1957 chirographo
988 1876 1138 1957 deposuit.
1157 1877 1210 1941 Sub

141 1967 350 2030 Sennacherib
372 1966 513 2027 omnibus
533 1966 595 2026 suis
615 1963 705 2025 bonis
725 1965 883 2044 spehatus,
898 1964 968 2041 iuga
988 1981 1050 2024 suae
1063 1966 1137 2026 vitae
1147 1982 1211 2027 eou-

140 2052 362 2114 suleredebuit.
370 2051 478 2113 Occiso
488 2050 773 2123 Sennacherib,sub
779 2049 967 2110 Assaradouc
976 2050 1111 2113 Niniven
1118 2053 1211 2115 rediit

140 2139 241 2215 Quum
261 2139 306 2199 ibi
326 2145 477 2198 mortuum
497 2137 665 2197 Israelitam
682 2138 865 2217 sepeliisset,
882 2137 1046 2198 dormienti
1062 2140 1160 2201 calida
1169 2139 1212 2200 hi·

140 2224 304 2283 rundinum
321 2229 456 2282 stercora
471 2222 504 2281 in
521 2221 624 2281 oeulos
637 2221 825 2293 inciderunt,
841 2240 906 2299 quae
921 2223 965 2282 eis
993 2224 1128 2287 maculas
1139 2226 1211 2287 albus

140 2307 338 2376 induxerunt,
355 2322 521 2383 senemque
534 2322 648 2366 caecum
659 2307 868 2368 reddiderunt.
883 2306 1060 2369 Caeeitatem
1069 2313 1213 2390 patienter

140 2391 224 2463 tulit,
245 2399 276 2450 et
295 2390 335 2450 de
354 2389 459 2450 labore
477 2391 580 2461 uxoris
598 2392 695 2450 Aunae
713 2392 807 2452 vitam
825 2393 1014 2453 sustentavit.
1029 2392 1109 2456 Cum
1120 2397 1213 2459 balan·

140 2484 203 2560 tem
212 2475 356 2537 audiisset
364 2475 497 2548 hircum,
509 2492 600 2554 quem
612 2493 687 2535 uror
695 2475 773 2537 dono
786 2485 958 2556 acceperat,
969 2496 1038 2538 eum
1051 2482 1131 2541 furto
1140 2482 1213 2543 abitt-

139 2568 204 2623 tum
221 2578 286 2623 esse
298 2568 396 2630 ratus,
409 2578 536 2620 uxorem
553 2561 592 2621 ad
605 2562 686 2624 illius
699 2565 922 2624 restitutionem
935 2564 1070 2627 hortatus
1085 2576 1133 2629 est
1146 2589 1154 2628 ε
1167 2568 1212 2629 tlh

139 2655 241 2709 autem
261 2646 334 2708 hinc
355 2646 432 2706 irata
451 2648 536 2708 varia
555 2647 603 2706 illi
625 2650 795 2723 exprobrat.
816 2649 928 2710 Tobias
947 2650 989 2711 ita
1001 2651 1034 2711 in
1046 2655 1212 2716 moestitiarn

138 2735 253 2816 lapsus.
267 2752 286 2795 a
300 2736 365 2795 Deo
383 2732 474 2794 finem
486 2735 558 2794 vitae
571 2734 720 2814 implorat.
734 2735 850 2796 Eodem
863 2744 999 2817 tempore
1013 2740 1127 2803 ancilla
1138 2742 1211 2805 Sara

138 2822 282 2902 Raguolis
299 2819 370 2880 filiae
391 2821 567 2900 exprobrat,
586 2821 667 2899 qued
683 2830 800 2893 septem
817 2841 886 2883 sues
904 2825 1028 2887 marites
1041 2828 1209 2901 ceoldisset3

138 2926 231 2987 quare
251 2915 284 2967 et
299 2910 371 2968 Sara
383 2906 495 2968 aissieta
511 2918 640 2969 mortem
655 2911 892 2977 aDeoexoratt
907 2912 1031 2990 angelus
1043 2921 1146 2976 autern
1160 2917 1211 2978 lia

138 2995 228 3076 pha'e'l
240 2993 368 3055 Tobiam
382 3000 413 3054 et
425 2993 529 3054 Sarum
538 2996 710 3056 consolatur
723 2999 768 3072 (e.
782 2996 842 3057 l-c.
856 2997 902 3076 5).

174 3081 287 3142 Tobias
304 3081 407 3140 senior
422 3089 552 3141 mortem
569 3089 731 3161 expectans
748 3083 856 3143 Tobiae
874 3084 935 3145 titio
949 3086 1091 3148 salutaria
1103 3088 1208 3150 meniu

130 3168 325 3247 impertitur,
344 3165 490 3240 illumque
512 3184 581 3228 cum
601 3167 755 3241 Raphadlc
774 3169 806 3228 in
824 3169 980 3230 civitatem
1002 3175 1104 3252 Reges
1125 3174 1208 3236 mittit

137 3253 176 3314 ad
189 3251 389 3315 Gabelumad
402 3251 437 3311 tu
448 3252 561 3312 talenta
574 3254 691 3332 argenti
705 3255 911 3331 recuperanda
925 3257 967 3333 (c.
981 3259 1042 3318 lc.
1057 3261 1106 3339 5).

175 3339 251 3400 Cum
269 3338 377 3416 ingens
394 3337 485 3416 piscis
502 3336 655 3413 juniorem
674 3340 803 3405 'sobiam
816 3340 853 3399 in
866 3341 992 3417 Tigride
1005 3344 1102 3422 pedes
1113 3344 1208 3407 lasau·

138 3428 200 3484 tem
224 3422 455 3502 aggrederetur,
479 3422 614 3503 Raphaiil
632 3424 720 3501 jubet
744 3442 813 3485 eum
834 3426 949 3505 piscem
970 3429 1059 3488 istum
1079 3430 1110 3491 in
1132 3449 1222 3511 oratu,

30 3522 37 3538 ‘
138 3513 259 3573 trahere
280 3519 311 3572 et
325 3518 518 3582 exenterare,
532 3520 695 3590 monetque
713 3512 776 3590 ejus
789 3531 855 3584 cor,
870 3514 910 3574 tel
925 3524 956 3576 ct
966 3515 1063 3596 hepar
1073 3519 1205 3582 salutarit

113 3678 116 3683 Ι
138 3615 203 3661 esse
223 3598 458 3669 medianense
478 3598 608 3659 consulit
627 3600 734 3659 Tobiae
763 3607 796 3659 ut
815 3601 932 3672 Sanane,
947 3604 1091 3681 Raguelis
1104 3604 1205 3679 tiliam',

137 3685 171 3746 iu
191 3702 316 3746 uxorem
338 3685 441 3755 ducat,
465 3686 547 3763 qued
569 3686 681 3747 Tobias
703 3687 785 3747 feeit.
808 3689 901 3748 Fumo
924 3691 1045 3752 accensi
1065 3692 1166 3756 cordis
1179 3702 1205 3755 et

136 3768 258 3851 heparis
267 3771 358 3852 piscis
370 3772 483 3831 Tobias
495 3773 578 3849 lugat
591 3772 793 3843 Asmedaeum,
804 3775 855 3851 qui
870 3782 987 3853 septem
996 3777 1079 3838 Sarae
1089 3780 1205 3841 maritat

49 3864 57 3887 ⁴
135 3859 233 3937 prima
250 3858 420 3939 nuptiarum
435 3864 525 3919 nocte
542 3858 754 3929 interemerat,
770 3859 904 3939 Raphatil
922 3880 994 3923 vero
1008 3862 1089 3928 huuc
1100 3866 1207 3929 neno·

136 3942 236 4004 daeum
247 3946 279 4004 in
291 3943 410 4006 deserto
424 3945 586 4024 superioris
599 3946 726 4025 AEgypti
741 3947 849 4026 religat
858 3946 903 4025 (c.
915 3947 977 4011 bc.
989 3950 1033 4031 8).

166 4060 259 4121 trun.
271 4068 304 4116 ib.
311 4065 328 4135 s
336 4068 392 4121 ato.
