2708 4846
411 500 601 551 saeaonutt
615 500 809 551 nannenus.
1112 497 1144 550 {0

75 586 143 635 sum
152 569 281 632 exhibet
289 570 379 631 tacito
392 570 647 633 Gelasiinomine.
656 604 687 616 -
695 572 810 634 Gelasii
820 571 853 632 in
862 570 985 631 decreto
997 569 1144 631 omittitur

76 654 161 717 liber
170 655 303 726 Baruclr,
317 662 348 715 ot
364 672 440 717 unus
451 655 603 719 dumtaxat
616 664 792 719 recensetur
802 656 882 718 liber
892 654 1009 727 Esdrae,
1025 661 1057 716 et
1066 671 1141 719 rmus

77 740 159 801 liber
173 740 423 801 llachabaeorum.

116 826 147 884 5⁰
165 826 301 906 Epistola
327 827 530 890 lnuoeentiil
554 825 594 889 ad
619 827 801 907 Exuperium
822 824 923 889 dulrlae
947 830 994 887 est
1012 824 1142 888 auetori-

81 913 162 973 tatis.

116 996 147 1055 [ι’
163 999 328 1059 Decretum
335 999 465 1078 Eugenii
477 999 683 1061 chonditnm
696 1003 743 1060 est
759 995 879 1075 qnando
893 995 992 1059 Graeci
1004 1011 1043 1058 ex
1060 994 1141 1058 Con-

79 1082 151 1144 cilio
159 1084 336 1145 Florentino
347 1085 474 1163 digressi
483 1085 545 1163 jam
554 1092 649 1146 erant
1071 1160 1077 1169 ⁶

112 1168 145 1229 δ’
153 1168 325 1231 Concilium
333 1171 546 1231 Tridentinum
556 1188 618 1231 non
627 1170 728 1251 potuit
734 1168 882 1249 iudicium
896 1167 974 1230 ferre
987 1167 1027 1229 de
1039 1167 1141 1247 Scrip-

77 1254 168 1325 turis,
182 1261 288 1333 utpote
301 1255 374 1332 ipsis
391 1255 472 1316 lraud
485 1257 630 1335 superius.
639 1257 779 1317 -Patres
797 1253 968 1315 Tridentini
985 1269 1139 1315 numerian

77 1338 226 1400 librorum
235 1341 447 1402 canonicorum
456 1342 657 1403 determinare
665 1359 726 1402 non
735 1347 905 1420 potuerunt,
916 1340 973 1400 nisi
981 1340 1065 1420 juxta
1073 1357 1139 1421 spe-

77 1424 187 1484 cialem
198 1426 431 1498 revelationem,
443 1435 493 1488 aut
499 1427 584 1506 juxta
596 1427 789 1488 traditionem
796 1425 1010 1497 Ecclesiarmm
1023 1426 1138 1505 specia-

77 1511 139 1571 lem
149 1512 370 1573 revelationem
381 1531 442 1574 non
454 1514 637 1584 habuerunt,
654 1521 685 1575 et
697 1514 818 1575 traditio
831 1511 1031 1574 Ecclesiamm
1046 1513 1138 1591 origi·

76 1613 117 1656 ne
135 1605 227 1659 tenus
243 1615 305 1659 non
320 1598 376 1659 luit
388 1600 547 1671 unanimis,
566 1608 600 1660 ut
621 1602 652 1660 S.
669 1600 852 1678 Augustinus
868 1597 938 1675 (li
954 1597 988 1657 de
998 1598 1139 1660 Doctrina

76 1680 253 1755 elaristiono,
264 1684 343 1762 cti),
358 1686 466 1747 saectdo
478 1686 580 1763 quinto
596 1686 925 1764 testatum-Scriptura
942 1690 987 1745 est
1001 1683 1137 1756 lucerna,

76 1765 195 1911 {umam
208 1769 368 1832 evidenter
387 1770 557 1843 eredibilis3
575 1771 660 1851 juxta
676 1774 724 1834 Ps.
744 1771 814 1843 tlt,
829 1770 883 1831 lot
902 1770 1031 1849 seipsam
1042 1767 1139 1829 mani-

88 1860 176 1913 estat,

110 1938 197 2017 desp.
213 1939 243 1998 l⁰
253 1940 391 2021 Allegata
408 1941 587 2021 sulrscriptio
599 1942 730 2020 pertinet
750 1940 788 2001 ad
802 1937 970 2001 Concilium
982 1935 1140 2016 Carthagi-

75 2038 172 2083 nense
186 2026 259 2085 anni
269 2027 338 2099 tlt,
350 2036 383 2087 ut
393 2028 533 2089 observat
543 2028 713 2089 llarduinus
725 2028 756 2086 in
767 2025 942 2087 recensione
953 2023 1070 2084 Praelati
1080 2021 1140 2084 Ca·

74 2109 176 2169 nonis.
187 2111 255 2171 Hoc
264 2113 425 2173 concilium
435 2114 490 2175 sub
500 2113 653 2174 Bonilaeio
668 2112 827 2173 lhabitum
836 2110 906 2181 tuit,
916 2117 947 2169 et
956 2109 988 2167 in
999 2107 1051 2167 illo
1060 2108 1141 2169 iuter

76 2195 254 2259 solemniter
264 2198 452 2261 confirmatos
471 2217 600 2261 canones
620 2200 753 2280 priorum
771 2198 966 2260 conciliorum
982 2196 1140 2256 Africano-

75 2298 142 2341 rum
161 2286 315 2364 rcperitur
329 2286 426 2349 dictos
445 2303 541 2348 canon
556 2287 592 2347 ot
611 2288 733 2349 concilii
751 2287 845 2348 earth.
864 2301 912 2347 an.
930 2283 1140 2344 597.-Saerae

76 2369 265 2447 antiquitatis
282 2372 363 2433 haud
380 2390 499 2452 prorsus
515 2373 628 2453 ignaris
645 2381 749 2434 notum
762 2380 821 2444 est,
835 2372 946 2433 librum
957 2370 1139 2433 Baruchsub

76 2458 200 2518 nomino
219 2460 379 2531 Jercmiae,
403 2460 487 2538 cujus
509 2461 625 2521 Baruch
648 2460 836 2521 amanuensis
857 2458 929 2529 luit,
951 2458 1140 2537 abantiquis

76 2542 276 2621 scriptoribus
286 2545 496 2608 ecclesiasticis
507 2545 723 2626 comprehendi
735 2546 843 2607 solere.
853 2543 1069 2605 Patetidinter
1080 2544 1140 2607 alia

77 2641 115 2685 cx
123 2629 154 2689 S.
165 2632 335 2709 ilrrgrastino
347 2630 386 2707 (l.
399 2634 435 2693 l8
446 2633 481 2693 de
492 2635 614 2697 Ciuitate
624 2633 693 2701 Dei,
707 2650 732 2692 e,
742 2632 800 2710 55),
812 2638 843 2692 et
855 2647 893 2690 cx
904 2629 1062 2691 collatione
1076 2637 1140 2692 tex-

76 2718 160 2772 tuum
169 2714 247 2775 libri
255 2718 371 2779 Baruelr
385 2735 403 2778 a
415 2719 445 2801 ἦ.
459 2718 620 2798 Cypriam,
631 2718 788 2780 Clemente
798 2716 885 2775 Alex.
897 2721 928 2775 et
938 2715 968 2774 S.
979 2714 1139 2776 Ambrosio
1254 2750 1258 2757 ·

62 2798 267 2863 citatorum'.
280 2804 359 2865 llinc
375 2806 465 2865 etiam
476 2806 589 2866 dictum
603 2804 770 2865 Concilismr
786 2800 904 2872 Carth„
918 2816 1009 2860 cotton
1019 2799 1068 2870 at,
1084 2800 1140 2862 Co·

78 2881 152 2944 dicis
163 2887 303 2948 Ecclesiae
310 2889 497 2966 Africonoeet
509 2890 639 2952 Celusius
651 2891 688 2950 n.
698 2889 731 2949 P.
743 2887 823 2949 laune
833 2887 943 2948 librum
953 2885 1139 2948 subnomine

75 2969 224 3032 deremiac
236 2976 538 3054 comprehenderunt.

115 3055 147 3113 2⁰
157 3055 259 3118 Carrei
271 3062 472 3140 conjecturam
481 3061 623 3122 refellunt
632 3066 768 3122 auctores
777 3060 988 3137 antiquissimi,
1001 3064 1035 3119 ut
1046 3059 1141 3119 Hine·

79 3155 182 3201 marus
194 3143 384 3217 lineriensis,
403 3147 571 3207 Burkordus
584 3148 835 3216 Wormatiensis‚
852 3147 1046 3213 Laudamus,
1064 3151 1139 3210 etc,

77 3240 116 3287 ac
133 3243 238 3289 ournes
256 3239 388 3293 actorum
404 3231 607 3294 conciliorum
627 3232 818 3303 collectores,
832 3231 884 3308 qui
895 3229 1010 3291 decreti
1027 3227 1142 3288 Gelasii

77 3315 265 3377 mentionem
285 3334 454 3397 expressam
472 3320 593 3379 iaciunt.
614 3319 646 3378 Si
669 3323 769 3379 autem
785 3312 942 3378 ‘decretum
960 3316 1019 3378 hoc
1036 3330 1142 3393 reapse

78 3394 168 3476 Papae
181 3400 300 3463 Damasi
313 3410 405 3474 esset,
419 3403 493 3481 quid
511 3404 600 3463 indo?
617 3419 652 3463 co
664 3402 798 3481 proiecto
811 3400 961 3478 antiquius
971 3416 1007 3461 ac
1018 3415 1142 3460 venera·

79 3480 170 3546 bilius
188 3486 282 3559 loret3
293 3495 338 3549 ast
349 3489 498 3550 communi
511 3489 684 3549 criticorum
700 3488 815 3567 judicio
828 3486 948 3548 Gelasio
962 3485 1141 3547 vindicatur.

81 3568 259 3631 -Gelasius
267 3570 377 3633 librom
385 3573 501 3635 Bacueh
510 3573 566 3634 sub
575 3574 697 3634 nomine
708 3572 850 3635 Jeremiac
859 3569 1097 3651 comprehendit,
1110 3575 1145 3631 ut

80 3654 174 3715 etalii
196 3657 314 3734 antiqui
330 3659 435 3721 Patres
450 3659 596 3720 lecerunt.
615 3661 717 3719 Unum
733 3666 834 3718 autem
851 3657 962 3719 librum
978 3655 1095 3727 Esdrae‚
1112 3663 1145 3718 et

79 3752 170 3799 mrum
178 3740 419 3803 lltaclrabaeorum
430 3746 682 3815 commemoravit,
693 3760 730 3805 eo
739 3743 820 3821 quod
829 3743 862 3803 in
871 3740 1144 3818 duobusutrimque

30 3882 35 3891 .
72 3820 179 3911 pillaria,
204 3842 267 3885 una
283 3826 348 3888 lere
371 3828 538 3906 eademque
554 3832 682 3893 retertur
706 3830 842 3892 historia.
863 3827 986 3890 Hebraei
1004 3826 1145 3906 equidem

12 3904 24 3971 i
71 3896 211 3993 glibros
230 3913 361 3991 aegino,
372 3912 393 3972 2
405 3914 550 3992 Paralip,
566 3923 598 3978 et
612 3916 647 3975 li
660 3916 755 3977 libros
765 3916 984 3993 Prophetarum
996 3914 1146 3975 minomm

77 4066 93 4079 ··
104 4042 246 4109 *typum
255 4042 411 4096 Testimssiib.
421 4048 446 4096 2.
457 4061 512 4113 cop.
523 4051 546 4102 o.
558 4052 634 4101 Clcm.
645 4052 716 4102 Alex.
727 4052 821 4115 Pcdng.
833 4051 878 4099 lllr.
888 4051 911 4098 l.
920 4062 942 4100 c.
951 4051 1013 4101 loct
1023 4053 1041 4101 l.
1050 4052 1075 4099 2.
1087 4064 1109 4098 c.
1119 4050 1144 4098 2.

49 4174 52 4179 ,
73 4110 413 4185 meorumnam.
425 4118 479 4169 aas.
1009 4188 1023 4235 Ξ
