2708 4846
474 497 663 545 eleuouult
683 498 882 550 81011οΕ1111.
1173 502 1214 550 571

137 582 631 659 »firmitatem;ult1arcusl,bh:
647 610 663 646 c
681 588 807 650 curavit
823 591 948 661 multos,
966 593 1018 669 qui
1031 592 1216 653 vexabantur

139 692 154 728 n
167 671 263 731 variis
272 671 484 749 languoribus,
499 681 529 734 et
540 674 689 734 daemonia
700 675 794 734 multa
807 674 964 753 ejiciebat,
978 685 1010 736 et
1023 694 1083 736 nou
1097 677 1215 738 sinebat

138 771 205 815 nea
216 755 318 832 loqui,
332 757 473 832 quoniam
490 758 628 819 sciebant
642 777 725 829 eum;
741 780 757 815 u
769 761 864 820 Lucas
875 759 903 829 6,
919 759 969 819 18;
984 781 1000 818 c
1012 763 1169 821 venerant
1181 765 1214 821 ut

138 861 154 896 s
166 839 309 900 audirent
321 857 405 909 eum,
418 848 448 901 et
460 851 660 904 sanarentura
669 844 864 922 languoribus
873 845 944 905 suis.
955 847 994 905 Et
1004 845 1056 923 qui
1066 844 1213 904 vexaban-

137 931 217 984 »tur
237 940 256 984 a
273 926 431 1004 spiritibus
448 928 610 989 immundis
628 930 810 989 curabantur
815 948 823 999 ;
838 951 853 984 u
867 937 986 1008 oportet
1006 946 1079 1007 ergo
1097 931 1215 989 Daemo-

135 1010 242 1072 uiaeos
255 1011 295 1070 ab
303 1011 425 1088 aegrotis
437 1011 623 1073 naturalibus
634 1014 725 1073 luisse
737 1013 868 1091 positive
881 1013 1050 1073 distinctos.

172 1094 205 1153 h⁰
218 1095 389 1156 Occurrunt
404 1096 436 1156 in
454 1114 534 1156 novo
554 1097 681 1157 Foedere
702 1098 901 1168 Daemoniaci,
926 1098 976 1174 qui
994 1098 1131 1157 iecerunt
1146 1112 1214 1174 quae

136 1179 219 1242 vires
227 1179 373 1241 humanas
383 1181 798 1251 transcendunt;sichctuum
809 1184 914 1263 Apost.
922 1181 1075 1260 iti-legitur
1083 1181 1214 1259 puellam

136 1264 271 1341 aliquam
292 1263 518 1344 Philippensem
538 1264 703 1326 divinatam
715 1266 822 1337 luisse,
836 1273 867 1326 et
881 1283 898 1325 a
920 1265 1011 1326 Paulo
1025 1265 1064 1324 ab
1076 1265 1134 1324 isto
1150 1264 1214 1342 spi-

136 1349 200 1408 ritu
210 1348 349 1426 Pythone
361 1349 522 1409 liberatam
533 1350 634 1411 luisse.
643 1351 801 1428 Quomodo
823 1352 881 1412 ista
892 1351 994 1429 puella
1004 1351 1115 1409 virtute
1135 1347 1214 1408 divi·

136 1433 231 1493 nandi
253 1434 372 1514 privata
395 1434 500 1493 luisset
516 1434 542 1493 si
561 1435 747 1496 solummodo
769 1453 786 1495 a
807 1437 912 1496 morbo
934 1436 1063 1494 liberata
1087 1433 1213 1494 tuissett

135 1517 262 1578 ldorbus
273 1517 407 1596 prolecto
420 1519 564 1577 virtutem
577 1519 733 1579 divinandi
746 1519 825 1580 haud
837 1520 1017 1600 suppeditat.

173 1602 383 1662 Daemoniacus
395 1599 499 1677 (Marc.
514 1603 543 1670 5,
555 1604 614 1678 bt)
631 1604 793 1682 compedes
806 1623 841 1665 ac
860 1613 997 1673 catenas,
1017 1604 1126 1680 quihus
1142 1603 1212 1663 viu·

136 1686 276 1746 ciebatur
284 1686 457 1764 rumpebat,
472 1688 512 1746 ita
525 1694 558 1745 ut
566 1688 735 1748 nullatenus
745 1689 860 1748 domari
870 1696 968 1766 posset
976 1707 984 1759 ;
999 1689 1078 1765 quod
1090 1689 1209 1767 prohat,

136 1771 225 1830 illum
235 1771 318 1832 vires
329 1770 466 1830 humanis
478 1773 649 1850 superiores
661 1772 813 1832 habuisse.

217 1902 235 1971 S
248 1906 366 1955 oehxlll.
374 1930 405 1943 -·
414 1907 488 1954 crisis
497 1907 627 1955 sententian
641 1907 807 1954 Daemomacos
817 1907 919 1967 aegrotos
929 1918 982 1954 esse
993 1906 1133 1954 statuentis.

172 2027 246 2082 butt.
262 2025 312 2086 Ad
326 2026 459 2086 rationes
478 2043 510 2086 u.
526 2025 582 2086 550
593 2042 647 2106 pro
666 2027 817 2086 sententia
838 2024 933 2086 isthac
954 2023 1067 2085 adlatas
1084 2040 1210 2103 respon-

137 2111 254 2173 demus

175 2196 206 2255 1ο
220 2201 252 2256 et
266 2195 308 2254 2⁰.
319 2195 351 2255 Si
364 2195 455 2254 etiam
469 2194 569 2255 Judaei
583 2210 617 2254 ac
631 2195 742 2272 Pagani
756 2194 910 2271 graviores
922 2195 1044 2254 morbos
1056 2195 1210 2253 Daemoni-

135 2281 197 2344 bus
204 2280 410 2351 attribuerint,
423 2281 718 2357 existimaverintque
728 2281 841 2340 animas
851 2279 1059 2340 detunctorum
1070 2278 1209 2339 homines

136 2364 297 2427 nonnullos
314 2380 439 2432 vexare,
466 2364 575 2425 exinde
593 2364 673 2424 haud
694 2372 872 2442 sequeretru
889 2365 987 2423 nullos
998 2364 1089 2424 fuisse
1104 2381 1121 2423 a
1139 2366 1209 2423 1)ae-

134 2467 228 2511 moue
241 2450 388 2511 obsessos.
404 2449 507 2507 Verba
524 2450 794 2527 Evangelistarum,
814 2449 927 2512 Christi
944 2467 979 2510 ac
1000 2448 1209 2528 Apostolorum

135 2533 284 2613 loquendi
305 2551 340 2596 ac
359 2533 469 2611 agendi
494 2535 569 2592 ratio
590 2551 658 2594 cum
676 2534 876 2593 Daemoniacis
894 2550 982 2592 veros
1002 2534 1140 2592 obsessos
1163 2534 1209 2592 in-

136 2619 253 2680 dicant.

173 2704 209 2760 δ’
221 2704 254 2764 si
266 2703 374 2781 aliqui,
388 2702 572 2764 Daemoniaci
582 2701 672 2768 dicti,
687 2716 704 2760 a
715 2699 843 2760 medicis
852 2698 948 2758 sanati
960 2698 1095 2766 luerunt,
1110 2701 1209 2774 sequi-

134 2797 187 2851 tur
198 2790 402 2850 tautummodo
419 2806 481 2848 nou
493 2803 607 2854 omnes,
623 2803 697 2862 quos
709 2785 815 2858 vulgus
828 2791 861 2840 ut
876 2782 1206 2851 Daeurouiacoshabuit,

135 2875 214 2935 taloe
234 2873 341 2943 tuisse,
363 2891 424 2934 non
448 2889 522 2932 vero
545 2887 649 2935 omues
669 2868 875 2929 Daemouiacos
907 2865 1092 2926 solummodo
1117 2866 1209 2927 fuisse

135 2965 277 3038 aegrotos.
289 2959 381 3017 immo
395 2957 512 3032 (Matth.
524 2956 553 3025 9,
569 2956 606 3014 52
619 2961 650 3014 et
662 2955 733 3022 Luc.
746 2952 791 3019 11,
805 2950 835 3024 h)
848 2949 978 3009 occurrit
989 2950 1208 3024 Daemoniacus,

136 3044 193 3122 qui
213 3051 312 3104 mutus
332 3042 483 3103 dumtaxat
500 3049 583 3110 erat,
598 3048 629 3099 et
648 3037 765 3115 (hlatth.
784 3036 829 3104 li,
849 3035 897 3109 22)
917 3035 1072 3094 iuvenitur
1089 3038 1208 3096 Daemo·

134 3129 304 3205 uiaeusqui
317 3144 414 3187 caecus
424 3143 458 3187 ac
470 3133 569 3185 mutus
580 3123 783 3183 tantummodo
797 3126 874 3187 erat,
888 3119 1072 3194 caeteroquin
1081 3125 1209 3196 uterquc

135 3230 228 3276 nuru
241 3212 398 3273 existebat.
412 3212 453 3270 Hi
470 3209 674 3278 Daemoniaci,
689 3207 741 3283 qui
755 3211 951 3283 symptomata
964 3202 1076 3273 morbi,
1092 3203 1209 3282 epilep-

135 3296 208 3368 siae,
221 3295 345 3366 furoris,
360 3303 431 3364 etc,
450 3294 591 3355 habuisse
609 3310 670 3353 non
685 3292 840 3370 leguntur,
853 3288 983 3367 probant
1003 3285 1209 3346 Daemoniacos

136 3397 244 3443 omues
252 3397 314 3440 nou
325 3380 415 3439 tuisse
428 3388 567 3459 aegrotos,
579 3377 767 3456 epilepticos,
778 3371 1012 3433 melancholicos
1024 3387 1059 3431 ac
1072 3369 1217 3431 inriosos.v

174 3465 207 3524 1·
218 3472 249 3525 et
257 3463 299 3523 5⁰.
311 3463 446 3526 Christus
456 3462 630 3542 ethpostoli
641 3479 701 3519 non
712 3460 864 3520 dumtaxat
875 3473 908 3517 se
917 3455 1055 3536 populari
1068 3452 1211 3533 praejudi·

135 3550 189 3613 cio
212 3549 500 3620 accommodassent,
526 3547 580 3608 sed
605 3546 746 3625 lingendo
769 3562 802 3606 se
827 3546 857 3603 in
879 3541 1077 3602 Daemouiacis
1097 3539 1210 3615 alloqui

134 3635 307 3704 Daemoues,
318 3650 393 3710 quos
404 3633 448 3693 ibi
461 3633 541 3693 haud
552 3648 617 3691 esse
630 3630 800 3698 scivissent,
812 3628 903 3687 etiam
915 3625 994 3685 hunc
1006 3623 1210 3703 perniciosum

136 3735 274 3781 errorem
286 3716 525 3785 confirmassent,
547 3725 636 3794 atque
652 3717 696 3774 ita
709 3714 831 3774 Judaeos
853 3711 1053 3788 decepissent.
1074 3708 1211 3771 Christus

135 3803 277 3882 (ioannis
295 3803 340 3873 lt,
357 3803 405 3877 ih)
419 3801 458 3863 ad
475 3800 640 3878 ejectiones
657 3802 833 3859 Daemonum
847 3801 991 3875 provocat
1009 3801 1150 3870 tauquam
1171 3793 1210 3854 ad
1255 3844 1260 3851 s

134 3901 232 3967 opera
258 3902 326 3962 quae
345 3902 434 3945 nemo
460 3883 676 3962 Prophetarum
703 3890 773 3942 aute
791 3881 876 3939 illum
896 3878 1024 3947 iecerat;
1049 3894 1118 3936 cum
1136 3894 1209 3936 vero

133 3968 243 4049 aegroti
253 3977 300 4030 sat
307 3967 588 4045 multiaProphetis
595 3967 691 4029 sanati
700 3965 835 4033 luissent,
843 3970 926 4043 patet
934 3961 1141 4026 Daemoniacos
1149 3978 1208 4022 non

133 4048 567 4130 iuiseesimpliciteraegrotoi.
1060 4128 1087 4171 n
