2708 4846
422 482 816 537 urnaouuustcuouurr.
1125 483 1158 536 m

109 572 143 633 Y
154 574 355 653 Nequaquam
367 574 495 638 dicimus
508 593 560 647 ea,
577 593 644 654 quoe
656 574 862 656 Hagiographi
872 575 1044 638 humanitus
1058 576 1158 640 scive-

72 667 147 723 runt
162 668 193 722 et
203 661 388 737 hauserunt,
403 679 422 722 a
438 664 552 742 Spiritu
567 670 671 725 sancto
685 664 784 725 denuo
800 664 947 744 inspirata
957 662 1065 735 fuisse,
1078 663 1156 726 bene

73 762 149 808 vero
164 728 303 809 divinam
322 749 523 810 assistentiam
542 749 642 810 illos
632 766 665 809 ιιι
684 750 855 827 huiusmodi
874 749 966 837 rebus
986 749 1159 813 scribendis

76 832 238 906 direxisse,
251 850 293 896 ne
305 834 380 897 falsa
390 834 570 897 scriberent.

114 916 146 976 δ’
155 920 236 981 Petit
249 920 374 982 veniam
384 921 410 982 si
423 937 498 999 opus
509 937 597 982 suum
607 920 722 1001 regalis
731 920 866 983 historie
877 922 977 982 minus
989 921 1157 984 conforma

77 1003 138 1075 rit,
148 1004 266 1067 illudve
276 1006 378 1068 minus
390 1006 547 1088 eleganter
556 1007 750 1088 conscripsit,
762 1024 824 1068 non
835 1023 909 1069 vero
922 1007 1004 1086 quod
1015 1008 1159 1073 falsitates

75 1089 152 1153 forte
162 1092 295 1170 scripsit.
306 1093 435 1172 Spiritus
445 1099 564 1156 sanctus
575 1092 804 1173 Hagiographos
814 1093 855 1155 ab
865 1094 1020 1156 erroribus
1030 1110 1159 1171 preser-

74 1183 216 1248 aaaron
226 1195 301 1239 vcro
313 1178 375 1240 illis
386 1195 504 1259 semper
516 1180 655 1241 ordinem
665 1181 837 1258 stylumque
851 1180 954 1241 dictat.
1174 1208 1180 1215 ·

108 1263 142 1323 ι’
156 1263 276 1327 Exinde
288 1265 475 1326 solummodo
487 1267 635 1345 sequitur,
648 1267 795 1348 Spiritum
806 1274 942 1328 sanctum
954 1283 1016 1327 non
1029 1266 1158 1330 dicasse

73 1348 279 1431 Scriptoribus
295 1352 389 1414 sacris
405 1369 474 1430 quae
493 1353 616 1415 aliunde
632 1354 785 1426 sciebant,
802 1370 865 1416 non
883 1370 956 1416 vero
974 1352 1045 1415 illos
1059 1352 1094 1414 in
1112 1354 1159 1418 eis

74 1434 204 1516 Spiritus
214 1444 336 1500 sanctus
349 1438 518 1501 assistentia
529 1439 689 1503 destitutos
699 1439 802 1501 brisso.

108 1521 142 1584 ll·
162 1522 294 1587 Pbrases
313 1524 485 1604 hujusmodi
505 1532 577 1588 sunt
596 1526 680 1587 modi
700 1526 864 1605 loquendi,
886 1526 998 1606 qulbus
1016 1524 1158 1589 homines

70 1608 334 1686 possimutuntur,
345 1612 588 1692 ostenduntque
577 1629 611 1673 ιιι
623 1613 777 1694 Scriptura
786 1615 846 1675 Dei
856 1613 1091 1697 indulgentiam,
1104 1614 1158 1691 qni

71 1699 106 1756 ul
115 1712 173 1757 uos
184 1696 331 1769 iustmm,
348 1713 382 1759 se
393 1698 488 1761 nostri
499 1698 652 1761 idiomatis
663 1696 832 1761 infirmitati
849 1688 1064 1761 accommodat.

107 1780 284 1854 deinum&
296 1782 420 1861 morte
431 1783 563 1859 additur
576 1800 648 1864 quia
659 1784 786 1848 dubium
797 1791 879 1858 erat
892 1785 1047 1846 anSrmon
1057 1784 1157 1863 poenr·

71 1866 338 1931 tentiamacturos
350 1876 440 1931 osset.
1258 1875 1265 1883 “

110 1952 143 2015 6⁰
153 1952 192 2014 D.
206 1954 317 2017 Paulus
330 1956 362 2033 (l
372 1954 445 2018 Cor.
456 1955 488 2029 i,
501 1953 555 2033 la)
568 1955 668 2034 inquit
678 1956 778 2017 uirum
788 1954 988 2018 christianum
1001 1954 1157 2017 dimittere

71 2055 137 2102 nou
149 2040 261 2103 debere
272 2058 399 2104 uxorem
409 2059 472 2103 non
482 2042 693 2113 christianam,
706 2043 733 2103 si
744 2042 812 2103 haec
824 2041 871 2102 illi
882 2040 1059 2103 cohabitare
1069 2041 1154 2103 velit

71 2127 128 2188 Ait
142 2143 177 2191 se
194 2127 253 2191 lroc
268 2130 372 2192 dicere
391 2129 558 2192 secundum
572 2128 724 2208 propriam
740 2129 978 2204 convictionem,
992 2144 1056 2192 non
1074 2129 1157 2209 quod

69 2215 292 2278 revelationem
307 2217 439 2297 aliquam
455 2215 513 2278 hac
531 2216 570 2278 do
584 2232 619 2278 re
634 2215 787 2278 habuerit.

106 2298 249 2380 (licor.
269 2302 322 2375 ll,
340 2302 416 2379 ll),
434 2302 549 2364 voltS
568 2301 680 2365 Paulus
696 2303 815 2374 dicere,
835 2300 1023 2381 generaliter
1024 2301 1157 2391 spiritui

71 2386 187 2451 urrisu
204 2387 401 2449 conformiter
412 2405 474 2448 non
491 2404 600 2470 agere,
612 2389 665 2466 qui
681 2390 818 2468 proprias
834 2388 940 2449 laudes
951 2376 1046 2460 texit,
1061 2406 1157 2469 seque

68 2473 193 2535 nonnisi
209 2475 370 2555 aegerrime
382 2474 423 2535 ad
437 2476 572 2555 proprias
586 2474 692 2537 laudes
705 2474 932 2547 descendere,
921 2491 1044 2537 manem
1056 2482 1156 2539 autem

69 2558 405 2641 pseudo-apostolorum
416 2561 544 2639 gloriam
555 2559 589 2621 id
601 2562 751 2642 exegisse.

105 2646 139 2707 ⁷⁰
150 2648 189 2707 ln
199 2646 295 2708 sacrls
306 2646 468 2724 scripturis
480 2647 541 2709 alia
557 2646 625 2708 aliis
638 2663 712 2708 sene
728 2646 851 2708 utiliora
863 2653 948 2720 sunt,
960 2646 1039 2708 nihil
1054 2653 1156 2710 sutem

69 2730 197 2804 inutile,
213 2746 343 2812 quaque
360 2732 464 2810 exigui
479 2733 626 2794 momenti
643 2749 709 2795 esse
723 2733 878 2805 videntur,
889 2733 941 2794 vel
959 2729 1157 2796 adorationis

71 2824 227 2891 ornatum,
239 2820 291 2881 uel
302 2819 342 2881 ad
352 2819 532 2881 narrationis
542 2819 764 2900 integritatem,
777 2816 1017 2897 simplicitatem,
1027 2834 1156 2880 nexum-

70 2905 617 2983 qnererumpertinent.Tenerrimae
627 2911 728 2969 autern
736 2908 773 2969 D.
783 2906 869 2968 Pauli
880 2905 1075 2969 sdntationes
1085 2912 1157 2969 sunt

71 2992 215 3071 genuine
223 2990 307 3053 illius
318 2990 473 3056 charitatis
482 2991 581 3073 signa,
590 3009 651 3070 qua
659 2994 805 3056 Ecclesia
816 2992 981 3072 primordia
989 2992 1065 3054 adeo
1071 3000 1156 3055 ‘com-

74 3076 217 3138 mendara
231 3077 366 3139 luerunt.
842 3148 844 3155 ,
1163 3072 1167 3083 '

110 3160 145 3222 8⁰
160 3160 317 3240 Quomodo
336 3156 501 3242 probarent
517 3161 701 3235 adversarii,
724 3174 760 3225 ea·
780 3162 932 3223 dumtaxat
950 3162 1078 3222 verbum
1095 3163 1156 3224 Dei

72 3263 153 3322 esse,
170 3266 240 3328 quae
254 3249 295 3311 ed
309 3249 454 3328 pietatem
467 3253 499 3311 et
513 3264 614 3311 mores
627 3248 742 3328 aliquid
755 3248 933 3310 conicruntt
946 3246 1088 3309 llistoriis
1099 3263 1156 3309 na-

72 3335 162 3397 tionis
177 3333 308 3415 judaice
319 3351 428 3415 magna
443 3352 482 3397 ex
499 3342 585 3417 parte
603 3335 712 3398 nititur
727 3335 866 3398 doctrina
885 3334 1042 3414 religionis
1057 3333 1156 3395 chris·

71 3420 161 3483 tianae
179 3422 236 3501 (u.
256 3420 331 3498 tl);
351 3420 463 3483 tabulae
484 3421 690 3503 genealogicae
709 3422 810 3484 lucem
829 3421 1006 3500 pondusque
1027 3419 1156 3481 allcrunt

69 3508 161 3583 rebus
171 3506 279 3589 gestis,
292 3507 444 3585 iidemque
455 3508 489 3570 in
497 3508 640 3572 Moesiam
648 3506 783 3581 firmant3
793 3510 949 3589 ingentem
958 3505 1086 3587 proinde
1096 3505 1156 3567 uti-

68 3594 319 3667 litatemhabent.
328 3593 698 3660 Caeterumanconsensus
704 3596 769 3657 Deo
778 3595 928 3657 revelanti
934 3594 1155 3673 praestitusnon

69 3678 426 3760 lucitadpietatemilln
438 3680 493 3758 qui
504 3678 596 3742 fidem
605 3682 669 3743 Deo
681 3680 808 3743 adhibet
817 3698 880 3743 non
889 3681 999 3742 melior
1008 3678 1156 3743 eflicitur?

89 3766 138 3831 Ψ
154 3767 191 3831 Si
205 3767 339 3831 verbum
355 3766 413 3828 Dei
430 3766 581 3829 strictiore
598 3764 820 3847 significatione
835 3766 975 3834 sumitur,
986 3764 1155 3841 {impiorum

12 3846 306 3943 -muemrae,
296 3856 375 3925 etc,
392 3851 632 3930 ascriptoribus
648 3855 742 3916 sacris
757 3854 877 3924 relata,
892 3848 1014 3932 proprie
1026 3850 1154 3913 verbum

10 3974 26 4019 a
67 3922 194 4013 nucu
208 3946 302 4012 sunt3
315 3938 350 4000 in
364 3954 455 4000 sensu
465 3944 567 4001 autem
578 3939 686 4002 latiore
698 3940 827 4002 verbum
842 3939 902 4000 Dei
916 3944 1004 4010 sunt,
1019 3936 1154 4016 eoquod

22 4014 316 4115 thmplu
303 4042 340 4087 ιιι
359 4024 421 4087 illis
439 4024 585 4112 historice
602 4026 761 4108 nqmaudb
779 4029 962 4114 presentem
979 4023 1153 4088 babuerunt

67 4112 215 4207 ‘mm
226 4117 387 4191 mactum,
402 4126 444 4178 uo
458 4117 604 4179 errorem.
