2716 4838
478 105 665 156 brenonis!
684 106 884 158 delloillili.
1183 114 1231 161 etta

120 186 265 267 Apollo,
275 200 336 257 etc.
345 194 513 261 Christiani
520 197 675 261 corinthii
684 215 724 259 ex
734 198 909 261 Gentilibus
918 198 1094 279 iudicioque
1100 220 1231 265 convcr-

112 276 364 361 ⁸lscompositi
376 298 395 343 e
406 283 561 361 equentiae
573 284 672 351 iastui.
684 284 965 365 philosophicisque
975 285 1230 363 disputationibus

107 362 275 435 ⁸dsuctt.
290 366 417 429 Pdulmn
435 374 471 429 ut
484 368 586 429 virttm
600 369 748 431 humilem
759 380 792 433 et
802 373 980 451 imperitum
996 370 1227 451 despiciebant.

99 454 224 533 lique
237 456 381 517 nuribus
390 456 541 532 corruptis
555 464 651 525 erant,
662 460 744 535 quod
753 460 786 519 in
794 458 853 519 bac
862 456 939 518 urbe
951 474 1079 537 magum
1085 478 1229 525 nomenis

93 540 337 605 meretricum
353 542 496 613 sistetur,
510 542 593 603 unde
604 543 705 605 Graeci
719 545 862 609 dicebant
873 560 1047 625 namnum,
1061 546 1229 609 Corirrtitio·

86 628 569 711 *areprolomieorietuposu
575 631 1126 716 mpttsllocortittltimpromcrctrien
1136 635 1229 697 immo

81 702 319 779 Corinthius
330 716 439 796 aliquis
450 721 858 798 publieectuusuanoverca
870 723 1041 785 incestuose
1053 723 1188 784 vivebat.
1256 749 1260 757 ·

145 802 325 865 Sciebant
330 802 422 881 primi
431 802 538 868 fideles
549 806 588 867 ad
600 806 822 867 Eucharistinm
828 810 995 880 accessuri,
1004 806 1043 869 ad
1056 808 1228 887 exemplum

71 874 250 949 Christi
278 904 471 950 eommrmem
491 908 610 953 ooenam
629 908 685 952 seu
705 892 826 971 agapas
852 892 1027 964 instituere;
1049 891 1104 953 sed
1125 893 1228 971 magni

68 970 246 1037 abusus
257 974 296 1033 in
306 971 398 1035 hace
410 992 521 1057 agapas
529 978 729 1057 irrepserant,
742 979 785 1037 ita
799 984 833 1038 ut
845 978 958 1039 divites
967 978 1047 1039 haud
1058 978 1228 1057 expectatis

62 1058 345 1141 pauperibus,
359 1066 412 1121 aut
428 1061 468 1123 ad
483 1062 573 1123 aliam
584 1079 720 1124 mensam
729 1062 768 1123 ab
781 1063 820 1123 iis
831 1065 979 1141 separati,
994 1065 1073 1125 cibis
1088 1063 1228 1125 delicatis

58 1148 324 1225 potibusque
337 1146 459 1221 nimiis,
477 1157 509 1209 et
522 1150 646 1227 quidem
656 1165 752 1227 arsque
769 1149 808 1211 ad
820 1151 1029 1211 temulentiam
1042 1168 1076 1211 se
1090 1150 1227 1231 ingurgi·

60 1234 243 1297 tarent.
255 1230 630 1315 oeoeoubmtminsnpep
642 1234 720 1296 dona
732 1235 862 1315 Spiritus
873 1238 987 1307 saneti,
1002 1237 1087 1297 varia
1098 1236 1137 1297 de
1146 1242 1226 1297 statu

56 1322 318 1401 conjugum,
331 1320 498 1399 virginum,
518 1328 594 1393 etc,
606 1320 806 1397 jactabantur.
824 1323 901 1386 Cum
914 1324 1024 1385 Paulus
1035 1324 1101 1383 iimo
1117 1339 1226 1402 peree-

57 1410 225 1483 pinet
246 1420 293 1467 ex
307 1404 483 1467 domesticis
500 1407 638 1468 mulieris
648 1404 759 1467 Cbloes
768 1406 812 1481 (c.
826 1408 854 1477 l,
869 1408 937 1483 ll),
951 1414 983 1467 et
996 1426 1035 1467 ex
1053 1408 1224 1485 Stephana,

57 1488 488 1555 Fortunatoetncusico
505 1491 656 1571 adipsum
670 1490 771 1551 missis
787 1493 832 1567 (c.
847 1490 900 1562 lt,
919 1492 1042 1569 itt-tt),
1056 1492 1225 1553 Corinthiis

59 1574 204 1641 hane
228 1578 244 1637 1
268 1576 436 1657 Epistulam
451 1578 589 1657 scripsit,
602 1594 692 1653 qoam
705 1576 913 1637 verisimiliter
923 1579 1006 1639 misit
1018 1594 1077 1658 per
1094 1578 1225 1657 Stepha-

59 1682 193 1728 nm
209 1662 350 1741 situum
360 1662 460 1725 socios
471 1661 517 1739 (c.
531 1663 584 1734 lb,
597 1662 669 1741 l7);
683 1662 843 1739 exquibus
854 1663 973 1725 occasio
985 1663 1121 1750 proxima
1134 1662 1224 1741 buius

63 1750 284 1835 Epistulas
293 1748 486 1827 intelligitur.

279 1884 374 1955 scell.
385 1912 417 1927 -
426 1890 603 1951 Argumentum
613 1890 641 1939 cl
649 1901 737 1953 scopus
747 1892 758 1937 i
768 1890 882 1951 Epistola
891 1890 925 1939 ad
934 1890 1086 1940 Corinthios.

150 2008 241 2071 m.
253 2006 477 2085 Argumentum
489 2014 522 2067 et
532 2024 640 2087 scopis
652 2007 743 2083 huius·
752 2008 896 2087 Epistolae
910 2008 943 2068 in
960 2007 1020 2069 boe
1036 2010 1219 2078 consisitunt,

76 2094 214 2177 quod
237 2092 352 2157 raum
367 2092 556 2157 introductos
571 2095 682 2157 abusus
703 2095 812 2157 tollere
836 2102 976 2165 conetur,
991 2102 1023 2157 ct
1038 2096 1221 2175 respondent

80 2184 156 2247 ad
162 2178 367 2263 mones
377 2179 437 2259 ipsi
449 2180 619 2259 propositas
630 2180 696 2240 sire
709 2181 920 2241 verbotenusa
929 2179 1228 2251 domesticisChloes.

84 2264 312 2347 Stephana,
325 2270 403 2337 etc..
414 2264 482 2327 sive
499 2282 556 2345 per
566 2265 685 2325 litteras
697 2280 771 2341 quas
782 2262 936 2341 Stephana
950 2262 1074 2341 ejusque
1087 2264 1162 2324 socii
1175 2272 1221 2323 al-

86 2354 284 2415 tuderant.

154 2432 313 2517 Epistola
322 2432 390 2495 haec
402 2434 435 2495 in
447 2440 510 2495 tres
521 2440 624 2513 partes
636 2430 734 2492 dividi
748 2437 864 2511 potest;
879 2430 912 2489 in
924 2430 1135 2509 primamne,
1151 2448 1221 2509 qum

90 2519 352 2603 complectitur
362 2536 391 2581 c.
405 2520 463 2581 lc.
476 2521 511 2591 6,
524 2516 680 2597 redarguit
691 2514 919 2581 corinthiorum
931 2514 1092 2587 factiones,
1105 2522 1219 2589 sectas,

93 2610 339 2675 ambitionem
350 2624 437 2669 rane
447 2606 621 2685 sapientiae,
635 2602 867 2671 tornicationes,
880 2604 1108 2665 conniventiam
1120 2612 1222 2665 recto·

96 2714 200 2761 m
216 2692 427 2777 spiritualium
447 2708 520 2771 erga
537 2692 758 2758 incestuosum,
771 2703 888 2749 morem
905 2688 1046 2766 litigandi
1065 2688 1220 2761 fidolium,

97 2784 181 2865 qu·
195 2782 273 2843 leco
283 2778 431 2839 suaslites
441 2779 523 2839 inter
534 2793 568 2837 se
581 2772 799 2856 componendi,
812 2772 938 2833 adibunt
946 2771 1066 2851 judices
1076 2790 1220 2851 pagam

101 2870 347 2933 Incestuesuut
362 2864 556 2927 Corinthium
577 2862 616 2923 ad
633 2870 752 2941 tempus
767 2858 861 2922 tradit
881 2867 1009 2929 satanae,
1027 2876 1083 2919 seu
1100 2876 1222 2921 encom-

100 2954 283 3017 unmieat.
296 2952 371 3011 liare
383 2948 653 3011 excommunicatio
666 2952 714 3009 est
724 2946 855 3026 primum
864 2944 1036 3023 exemplum
1048 2959 1221 3007 excommu-

100 3034 506 3105 nicodomeinieoctcsio.

165 3130 208 3187 in
220 3120 358 3187 wcunda
369 3128 471 3201 parte,
481 3137 549 3199 qum
562 3118 699 3180 coritinet
710 3135 739 3180 e.
752 3119 811 3180 ic.
825 3118 875 3189 ld,
887 3116 1051 3198 respondet
1061 3116 1220 3179 Paulusan

101 3208 238 3273 werlu
259 3208 459 3287 whence,
483 3223 523 3267 ex
538 3204 786 3265 contentionibus
802 3202 978 3265 docentium
995 3210 1115 3273 erratas,
1130 3208 1163 3263 et
1180 3202 1221 3262 ad

105 3296 238 3379 ipsum
248 3294 397 3373 perlatas,
414 3298 447 3353 ut
458 3292 497 3353 de
510 3292 668 3369 conjugio,
682 3290 874 3367 virginitate,
888 3288 1010 3349 deiectu
1021 3290 1175 3360 cibomm‚
1188 3296 1220 3349 et

103 3378 335 3457 idolothytis,
359 3378 568 3455 Apostolatum
591 3392 677 3435 suum
703 3374 909 3445 commendat,
937 3380 969 3433 et
991 3373 1055 3451 agit
1078 3372 1118 3433 de
1138 3372 1219 3435 veia-

106 3470 221 3529 uine
233 3466 412 3535 mulierum,
426 3462 466 3523 dc
478 3478 565 3524 ooena
580 3460 796 3529 eucharistica,
809 3458 851 3519 de
862 3476 918 3520 usu
930 3458 1078 3519 donorum
1090 3458 1220 3537 Spiritru

104 3554 251 3625 nancti,
290 3552 332 3615 de
366 3549 549 3613 excellentia
575 3546 750 3615 ehmitatis,
774 3544 816 3605 de
838 3544 1062 3607 resurrectione
1087 3552 1218 3607 mortuo

111 3652 220 3709 m,
233 3644 294 3699 ele.

178 3724 266 3786 l’arte
283 3724 387 3795 tertia,
405 3738 473 3799 quac
489 3718 661 3783 continetur
677 3736 705 3781 c.
726 3718 776 3791 lli,
795 3716 985 3781 conamendm
1004 3716 1161 3779 collaetans
1184 3718 1215 3775 in
