2708 4846
499 483 690 535 ulenouuu
704 485 903 537 SAGRORUM.
1195 490 1241 543 ltt

188 548 309 633 &nonis
319 541 440 651 peraeta
451 570 556 646 luissc3
570 582 602 637 at
611 578 731 657 Moyses
742 578 795 640 illa
805 581 911 658 anapia
920 577 1071 639 diabolicae
1081 597 1143 641 non
1156 583 1240 641 attri-

187 647 245 725 buit,
256 664 285 717 et
295 657 374 718 nihil
387 660 419 719 in
431 658 476 721 eis
487 662 629 733 occurrit,
643 663 724 741 quod
736 682 912 725 concursum
924 664 1109 727 diabohcum
1121 675 1237 745 arguat,

184 748 304 821 mosque
316 744 445 807 humana
457 748 585 810 excedat
595 749 616 809 ¹.
632 750 753 829 Moyses
765 751 872 812 scribit
884 751 998 829 (Exod.
1011 751 1041 822 7,
1056 752 1123 832 ll.)
1134 752 1238 832 Magos

181 821 432 891 MnaPharaono
446 833 608 896 accersitos
618 833 721 906 fuisse,
736 852 846 915 eosque
854 853 909 915 per
919 837 1128 899 incantationes
1137 856 1235 917 aeyyp-

110 978 112 987 ,
179 911 272 984 ean,
294 922 322 974 et
342 934 453 975 arcesso
465 918 598 995 wedam
615 920 751 981 simditcr
770 920 886 997 fecisae,
908 922 977 983 illos
990 923 1118 1002 proinde
1135 926 1237 986 media

110 1032 112 1039 ·
175 998 351 1074 adhibuisse3
374 1003 440 1065 haee
460 1022 533 1066 vero
546 1008 647 1069 media
658 1009 819 1081 naturalia,
837 1016 869 1069 et
891 1008 1016 1071 eftectus
1031 1026 1135 1072 eorum
1148 1019 1236 1073 natu·

172 1086 240 1149 tales
252 1104 320 1149 esse
331 1097 504 1169 potuerunt.
865 1070 874 1101 ‘
1287 1102 1292 1119 '

201 1172 230 1233 l·
247 1175 339 1235 Enim
361 1183 511 1236 secretum
532 1178 622 1240 modo
642 1187 689 1242 sat
710 1186 816 1241 notum
837 1186 883 1241 est
904 1196 967 1240 non
988 1181 1173 1244 solummodo
1201 1183 1235 1244 in

165 1256 307 1341 AEyypto,
318 1260 414 1322 lndiis
427 1270 457 1322 et
466 1264 617 1337 America,
631 1267 686 1328 scd
699 1268 791 1327 etiam
800 1267 833 1327 in
846 1266 1020 1345 regionibus
1031 1269 1169 1349 Europae,
1180 1269 1234 1330 ubi

164 1344 331 1425 viperarum
345 1350 558 1410 commercium
575 1359 748 1422 exercetur,
760 1351 869 1413 mediis
881 1352 1067 1414 naturalibus
1079 1362 1234 1435 serpentes

163 1428 352 1503 lncantmdi,
365 1440 399 1493 ut
410 1433 468 1505 ita,
481 1436 620 1498 facultate
632 1436 764 1498 nocendi
776 1438 837 1498 illis
853 1437 971 1509 ablata,
984 1455 1040 1517 pro
1050 1438 1141 1499 libitu
1153 1446 1233 1501 trao-

162 1520 270 1577 tentur.
280 1519 339 1579 Per
350 1518 409 1581 hoe
422 1527 570 1583 secretum
577 1523 658 1601 Magi
668 1522 831 1585 Pharaonis
842 1523 930 1583 tacite
941 1522 1085 1585 exhibere
1094 1530 1233 1605 poterant

160 1600 225 1663 loco
245 1603 423 1666 baculorum
443 1616 599 1687 serpentes
610 1609 793 1679 incantatos,
812 1609 864 1687 qui
881 1608 1096 1687 obriguerant,
1117 1626 1231 1688 eosque

160 1684 242 1748 humi
257 1689 446 1770 projiciendo
456 1691 495 1754 de
504 1710 608 1754 somno
617 1711 671 1753 suo
683 1695 853 1772 magnetioo
864 1693 1006 1753 excitare.
1015 1695 1107 1754 lrnmo
1117 1696 1232 1774 potuis·

159 1782 225 1837 sent
232 1776 350 1840 baculis
359 1779 421 1841 suis
432 1787 587 1860 serpentes
599 1779 723 1840 dextere
733 1779 924 1839 substituere.
932 1779 1110 1857 Serpentem
1119 1781 1232 1857 Moysis

158 1874 230 1921 vero
244 1879 307 1922 non
328 1862 499 1941 hujusmodi
513 1865 644 1943 sopitum
663 1871 835 1943 serpentem
855 1862 963 1934 luisse,
976 1870 1022 1922 sat
1033 1863 1106 1926 inde
1122 1864 1230 1943 liquet,

159 1946 238 2023 quod
250 1955 407 2029 serpentes
418 1951 573 2029 Magorum
586 1949 753 2010 devoravit.

191 2032 224 2093 P
245 2036 345 2116 Magis
362 2037 495 2117 prolecto
517 2034 640 2098 difficile
661 2035 741 2095 haud
752 2035 941 2116 luitparvam
959 2050 1043 2112 aquea
1059 2034 1176 2116 copiam
1195 2035 1229 2099 in

159 2135 227 2183 vase
235 2124 390 2203 quopiam,
401 2131 451 2183 aut
464 2124 496 2184 in
508 2123 585 2184 fossa
594 2128 698 2183 cavata
707 2119 811 2199 (jaquae
823 2123 905 2182 enim
918 2121 1088 2194 hunorum,
1100 2123 1227 2195 lacuum,

158 2214 325 2287 puteorum,
340 2216 398 2269 etc.
408 2223 427 2269 a
437 2210 542 2288 Moyse
554 2209 587 2267 in
599 2207 774 2286 sanguinem
783 2222 877 2268 versae
888 2205 1033 2284 fuerant),
1044 2225 1102 2288 ope
1113 2208 1229 2269 medio·

157 2308 223 2353 rmn
243 2295 441 2363 colorantium
457 2295 488 2355 ei
504 2295 632 2355 solerter
650 2292 846 2371 injectorum,
859 2293 982 2355 rubram
998 2300 1033 2354 ut
1051 2294 1229 2373 sangtduem

156 2380 313 2443 exhibere.
325 2382 439 2442 Verum
448 2381 513 2442 solo
525 2383 588 2442 ictu
599 2382 692 2461 virgae
702 2396 793 2458 aquas
804 2380 866 2440 Nili
877 2398 977 2442 coram
986 2381 1142 2443 Pharaone
1152 2380 1229 2460 ejus·

156 2483 215 2545 que
232 2470 302 2530 arola
318 2471 352 2529 in
372 2469 548 2547 sanguinem
560 2475 680 2529 vertere
698 2485 733 2529 ac
745 2483 951 2548 corrumpere,
964 2475 998 2530 ut
1009 2469 1130 2548 Moyses
1138 2469 1227 2542 lecit,

155 2550 280 2615 minime
293 2555 367 2617 artis
379 2571 452 2634 opus
465 2571 531 2617 esse
542 2555 649 2634 potuit.

143 2682 146 2689 -
189 2638 332 2719 tt’AEque
341 2640 428 2701 laoile
436 2645 575 2719 poterant
584 2639 665 2717 Magi
674 2637 876 2700 mediantibus
885 2639 962 2701 escis
971 2653 1058 2699 ranas
1069 2636 1227 2699 nonnullas

155 2724 290 2795 allicere,
302 2733 354 2787 aut
365 2726 431 2786 illas
441 2723 501 2786 filis
509 2725 561 2784 vix
573 2723 744 2784 visibilibus
753 2723 913 2784 attrahere.
922 2725 1036 2782 Verum
1046 2722 1110 2783 sola
1122 2728 1228 2782 exten·

155 2811 241 2873 sione
248 2828 355 2873 manus
362 2818 474 2872 tantam
486 2794 750 2888 ranarum‘copiam
759 2808 900 2878 educere,
909 2814 945 2868 ut
955 2814 1048 2868 totam
1059 2808 1228 2885 aegyptum

154 2894 342 2967 insenum,
352 2896 478 2975 illasque
492 2913 547 2977 per
558 2913 664 2975 preces
677 2896 863 2967 interimere,
873 2901 907 2956 ut
917 2893 990 2955 iecit
998 2894 1130 2971 Moyses,
1142 2893 1227 2956 nulla

153 2982 285 3047 trunam
303 2992 369 3047 arto
393 2984 471 3046 ellici
490 2984 598 3064 potuit.
622 2984 820 3060 agnoverunt
837 2981 897 3060 ipsi
913 2981 996 3059 Magi
1019 2980 1131 3059 Moysis
1151 2997 1225 3043 vera

153 3070 314 3143 udraeula,
326 3086 421 3150 seque
439 3086 475 3131 ea
491 3085 549 3148 per
569 3082 637 3129 suas
657 3072 736 3127 artes
754 3080 912 3143 exaequare
929 3062 1010 3124 haud
1022 3080 1128 3141 posse;
1151 3062 1226 3125 hinc

154 3154 395 3236 scinipheshaud
403 3152 762 3237 producere‚nullumque
771 3151 883 3229 Moysis
890 3147 1227 3209 miracdumdestruere

153 3240 307 3312 valentes,
321 3242 360 3304 de
372 3244 476 3320 Moyse
493 3239 641 3302 Pharaoni
653 3237 794 3298 dixerunt
806 3255 814 3293 ε
828 3233 944 3311 lliyitas
956 3232 1014 3293 Det
1022 3239 1064 3293 est
1074 3231 1138 3303 ln'c‚·
1150 3231 1225 3293 hinc

152 3326 247 3389 etiam
257 3328 392 3399 Pharao,
406 3334 440 3388 ut
450 3327 663 3388 liberationem
677 3340 695 3384 a
711 3320 793 3384 ranis
804 3318 975 3391 obtineret,
987 3333 1092 3380 senon
1104 3317 1142 3379 ad
1159 3318 1226 3377 Ma·

149 3430 223 3495 goe,
235 3414 291 3477 sed
303 3416 343 3476 ad
353 3416 481 3494 Moysen
491 3414 594 3476 vertit.

192 3500 231 3559 ll.
241 3502 356 3579 Moysis
373 3500 492 3579 singula
502 3498 646 3561 miracula
657 3540 666 3569 ,
679 3496 840 3579 separatim
859 3489 1225 3572 concinnamenta

149 3600 257 3647 eorrnn
268 3586 513 3656 circumstantiis,
522 3585 612 3646 modo
624 3603 683 3663 quo
696 3584 783 3654 tacta,
795 3592 825 3646 et
837 3581 897 3644 fine
909 3584 949 3644 ob
962 3598 1051 3660 quem
1061 3580 1225 3647 factasunt,

147 3670 227 3735 torte
247 3672 341 3734 alicui
358 3672 504 3733 naturalia
520 3671 621 3732 videri
636 3677 767 3750 possent.
782 3673 897 3730 Verum
911 3669 1001 3731 simul
1017 3672 1140 3731 attenta.
1156 3680 1225 3724 cum

141 3760 212 3823 nit
221 3759 468 3831 circumstantiis,
482 3758 573 3818 modo
586 3764 618 3818 et
629 3757 699 3828 line,
712 3757 829 3818 nemini
847 3757 908 3817 nisi
920 3756 999 3817 ultro
1015 3752 1126 3814 erranti
1142 3757 1227 3810 natir-

142 3844 337 3925 rtllavideri
349 3851 481 3925 possunt.
491 3842 648 3921 Quomodo
663 3844 745 3903 enim
756 3842 847 3903 alicui
859 3839 995 3903 naturale
1004 3835 1103 3897 videri
1115 3842 1224 3915 potest,

118 3934 186 3999 ³1
197 3940 245 3997 tot
258 3939 407 4011 tantaque
425 3931 522 4002 rada,
534 3932 616 3991 inter
627 3946 661 3992 se
678 3929 804 3990 minime
822 3944 975 3996 connexa,
993 3922 1089 4003 spatio
1109 3922 1129 3981 lt
1148 3922 1226 3983 autti

117 4032 164 4097 ’Ψ
172 4042 261 4099 tvtm
271 4046 307 4097 cl.
315 4042 456 4094 lleumauul
466 4043 562 4093 dissert.
577 4042 610 4093 de
622 4041 896 4102 Pseudothaumoturgls
912 4035 1051 4086 Pharaonis.
1061 4033 1147 4084 Maior
1160 4032 1226 4083 Gai·-

140 4112 210 4177 *a
219 4118 324 4171 uteres
332 4115 366 4167 tle
375 4115 495 4181 mannes
503 4112 649 4189 tritecto,
661 4107 719 4167 tu.
729 4110 761 4165 da
770 4111 890 4175 Voltairc,
901 4108 921 4160 t.
932 4108 955 4173 t,
965 4118 991 4171 y.
1000 4103 1059 4171 an,
1068 4104 1226 4223 ¹Poenintttt.
