2716 4838
507 456 694 505 stenelum
712 458 915 509 stenelum.
1208 464 1253 515 tet

169 557 235 605 run
246 548 363 607 entant
379 545 563 624 exemplaria
580 549 719 626 antiquis,
736 567 887 628 nemoque
905 551 1086 631 gloriabitur
1102 572 1136 615 se
1153 557 1255 619 omnia

172 629 298 701 vidisse,
312 636 346 691 ut
360 647 398 690 ex
409 631 515 711 mojori
528 639 580 692 aut
588 634 701 694 minori
710 652 838 696 numero
847 637 960 700 dictem
972 639 1147 720 pericopam
1155 641 1256 703 conti-

173 719 308 777 nentium
329 716 380 779 vel
398 718 603 778 emittentium
625 719 713 781 litem
733 720 865 784 decidat.
887 722 1069 786 continetur
1083 744 1173 806 porro
1186 726 1254 793 hm

177 801 313 876 periocha
321 803 356 862 in
365 804 619 882 praestantissimis
631 806 788 868 codicibus
796 810 905 889 graecis
915 811 1068 871 etlatinis.

205 891 250 951 Ex
264 890 454 969 graecissnnt

207 975 238 1035 l·
248 976 290 1045 ll,
301 975 413 1054 quibus
425 973 577 1035 Editionis
588 974 811 1054 complutensis
824 986 962 1040 auctores
973 980 1018 1041 usi
1033 989 1112 1042 sunt.
1125 985 1160 1043 ln
1171 998 1253 1062 prar-

182 1053 281 1121 latione
294 1060 377 1121 illius
387 1058 478 1121 Card.
488 1060 633 1121 Ximenes
643 1063 868 1125 LeoniXinter
877 1064 1022 1124 aliazuld
1032 1075 1137 1144 aperte
1147 1067 1251 1127 testari
1343 1134 1347 1141 ,

177 1157 369 1226 tpossmnsrs,
391 1145 504 1222 inquit,
523 1147 682 1206 maximam
703 1147 841 1207 laborum
860 1156 976 1226 partem
990 1149 1021 1209 in
1041 1167 1078 1209 eo
1099 1152 1252 1230 precipue

168 1243 188 1281 ⁸
204 1231 291 1292 tuisse
301 1238 466 1299 verentem,
477 1231 748 1309 utcastigatissima
758 1233 840 1292 omni
851 1242 982 1310 experte
991 1235 1251 1312 vetustissimaque

164 1326 189 1365 ⁸
204 1315 384 1395 exemplaria
396 1331 452 1394 pro
465 1315 638 1394 archetypis
648 1316 842 1387 haberemus,
856 1336 981 1394 quorum
992 1318 1116 1395 quidem
1128 1317 1252 1379 temlre

148 1408 179 1448 ὓ
202 1400 372 1461 braieorum
388 1417 478 1478 quam
496 1416 664 1480 graecorum
676 1418 712 1463 ac
731 1402 892 1463 latinorum
911 1404 1112 1482 multiplicem
1132 1404 1251 1482 copiam

140 1490 182 1531 ‘²
202 1486 292 1547 rariis
304 1502 342 1547 ex
352 1486 430 1546 locis
442 1502 503 1545 non
515 1486 582 1546 sine
594 1504 709 1546 summo
722 1486 827 1546 labore
839 1489 1086 1566 conquisivimus.
1098 1488 1198 1566 Atque
1210 1505 1249 1548 ex

133 1572 176 1613 δ
202 1570 272 1649 ipsis
280 1571 407 1649 quidem
418 1587 517 1650 graeca
529 1571 688 1632 Sanctitsti
701 1579 760 1631 tuae
773 1571 935 1642 debemus,
949 1591 1017 1650 quae
1036 1590 1075 1633 ex
1087 1574 1250 1652 apostolica

119 1653 180 1700 ‘b
201 1654 385 1718 bibliotheca
399 1657 623 1733 antiquissimos
636 1665 699 1718 tum
715 1659 829 1718 veteris
840 1665 901 1719 tum
912 1659 983 1718 novi
998 1657 1183 1720 Testamenti
1196 1676 1249 1719 co-

119 1740 185 1787 ²=
201 1740 436 1823 dicesperquam
448 1741 578 1803 bumane
588 1743 626 1803 ad
637 1759 692 1802 nos
701 1742 825 1813 misisti,
836 1744 889 1821 qui
904 1744 995 1804 nobis
1007 1744 1041 1802 in
1053 1741 1112 1804 hoe
1124 1744 1248 1822 negotio

117 1822 326 1889 *maximo
336 1826 458 1893 iuenmt
468 1828 642 1906 adjmnento
655 1827 676 1888 ¹.
688 1848 705 1883 o

205 1912 236 1973 Y
244 1913 353 1976 Codex
362 1914 566 1984 Britannicus,
578 1913 663 1989 cujus
673 1914 852 1973 auctoritate
864 1919 962 1973 motus
978 1913 1117 1972 Erasmus
1132 1911 1249 1990 perico-

117 1991 237 2069 bam
251 1999 397 2071 loannis,
412 2016 501 2077 quam
517 1999 550 2058 in
568 1998 684 2058 duabus
696 1997 881 2081 editionibus
889 1997 1045 2067 omiserat,
1059 1996 1158 2058 tertiae
1174 1994 1247 2057 novi

117 2061 356 2145 *Sestementi
369 2084 498 2146 editioni
508 2101 587 2144 anno
597 2083 671 2143 {522
683 2084 819 2143 inseruit.

204 2168 237 2230 d·
247 2169 353 2235 Codex
364 2171 570 2231 Berolinensis
583 2187 599 2230 a
611 2171 706 2232 liavio
721 2187 759 2231 ex
777 2170 905 2232 Oriente
920 2169 1051 2239 adlatus,
1062 2185 1152 2246 quem
1166 2167 1248 2228 Stes·

127 2254 284 2405 ὣ
290 2255 489 2318 bibliothecae
501 2256 688 2319 berolinensi
706 2256 880 2336 praelectis,
894 2255 951 2317 tet
961 2271 1109 2317 annorum
1125 2259 1247 2314 aetatem

296 2343 457 2406 existimet.

203 2429 237 2489 t·
256 2428 364 2496 codex
392 2430 556 2492 vaticano
582 2431 816 2502 vetustissimus,
841 2430 882 2492 de
910 2447 970 2508 quo
993 2429 1127 2509 loquitur
1151 2427 1247 2489 Ame-

158 2510 355 2698 κ,ἱζωᾲεκκιι
369 2594 578 2668 bublinensis,
591 2612 682 2674 quem
693 2595 848 2665 usserius,
867 2594 1051 2655 brmacanus
1069 2587 1243 2674 epiecopus,

169 2678 404 2838 h'g'tflit'edleeffi
423 2781 499 2844 quos
512 2765 546 2827 in
563 2764 699 2828 editione
717 2764 790 2824 novi
808 2764 996 2830 Testamenti
1011 2762 1151 2830 adhibuit
1167 2763 1247 2824 Lan·

168 2851 396 3008 ᾏἩῗειξ,
401 2955 476 3015 quos
487 2936 657 3014 ilervagius
670 2935 710 2996 ad
718 2935 819 2996 Biblia
827 2935 1045 3014 praeverteris
1052 2941 1084 2996 et
1091 2934 1165 2998 novi
1171 2936 1246 3005 Tes-

168 3024 295 3087 inenti
305 3024 434 3090 Basileae
445 3039 524 3083 onno
538 3022 611 3082 tete
620 3022 701 3100 typis
710 3019 880 3081 mandanda
888 3028 1007 3082 secutus
1017 3028 1072 3081 est.

201 3106 237 3170 8'
250 3107 398 3180 Codices,
421 3109 508 3187 queis
526 3108 601 3166 Bon.
622 3107 710 3167 Aries
723 3109 883 3166 Montanus
900 3107 933 3165 in
951 3106 1036 3182 regio
1054 3121 1146 3183 opere
1164 3121 1245 3167 anno

167 3192 238 3259 ml
250 3212 324 3258 usus
332 3203 389 3256 est.
401 3196 447 3255 De
457 3196 494 3254 iis
503 3194 629 3252 Ariesin
638 3192 831 3272 praeietione:
845 3213 860 3247 u
870 3190 1089 3251 Grenvellanus
1099 3189 1244 3253 Cardine

167 3280 249 3353 alin,
265 3280 381 3360 inquit,
395 3280 563 3340 bibliorum
574 3294 740 3357 graecorum
756 3277 954 3355 exemplaria,
973 3277 1035 3336 suis
1047 3275 1190 3353 impensis
1206 3275 1247 3351 ed

167 3366 368 3433 omnnem
390 3364 482 3429 iidem
503 3366 669 3448 descripta,
688 3373 722 3426 et
740 3363 972 3444 diligentissime
992 3361 1117 3434 collata,
1135 3360 1245 3436 adnot

167 3452 411 3607 ἵβθὲιέοοίω
425 3529 554 3603 Codices
570 3497 641 3601 ilos.
651 3533 751 3615 {quos
764 3537 842 3599 Rob.
856 3535 1068 3616 Stephanusin
1082 3502 1244 3614 elepantis

161 3624 250 3691 fl·
263 3624 403 3689 editione
422 3640 500 3685 enno
521 3623 593 3685 tete
613 3622 801 3685 conficienda
820 3622 959 3684 adhibuit
964 3641 973 3691 ;
987 3627 1072 3681 notat
1089 3629 1189 3682 autem
1205 3637 1243 3682 ex

162 3704 356 3793 meaptem
364 3710 518 3772 dumtaxat
525 3725 639 3788 graecos
646 3710 809 3785 subsequi
819 3709 871 3768 v.7
883 3725 973 3769 voces
985 3736 1005 3766 e
1016 3715 1110 3785 tapep,
1122 3707 1152 3766 io
1161 3703 1239 3777 celo,

164 3812 229 3881 u
245 3796 416 3868 habebant,
431 3811 504 3873 quas
517 3803 633 3877 emen,
647 3793 785 3875 adposito
798 3793 900 3863 obelo,
914 3809 952 3855 ex
964 3793 1093 3855 aliorum
1105 3790 1244 3856 codicum

163 3879 481 3961 munereadjmit.

172 3984 179 3993 '
194 4004 277 4069 tou
287 4007 370 4056 emen
381 4005 478 4055 once
490 4004 615 4054 suenum
625 4001 833 4068 compluentem
846 4001 919 4070 spire
930 4003 1009 4051 solent
1018 4002 1096 4050 eruo
1110 4001 1244 4069 stroppus

165 4064 252 4133 tae.
261 4075 408 4127 nonanes
417 4075 532 4127 eterne:
542 4075 631 4125 rose
639 4074 748 4126 retium
757 4074 784 4123 n
795 4074 866 4136 cero,
876 4074 995 4136 erum,
1008 4073 1075 4128 ηπ.
