2708 4846
152 438 197 487 aue
552 441 597 489 bh
616 441 818 490 authentia

187 536 259 592 11611.
289 533 321 593 5⁰
352 533 535 595 incredibile
557 542 604 596 est
626 543 776 597 sensatum
800 550 906 614 regem
930 519 1056 595 Darium
1083 534 1214 609 bladum,

151 621 272 682 dedisse
295 617 442 687 edictum,
468 627 502 679 ut
525 637 645 692 omnes,
669 621 721 698 qui
743 621 823 681 intra
843 619 880 680 50
904 618 1007 680 dieea
1029 622 1097 681 Deo
1117 629 1168 681 aut
1182 622 1216 682 ab

151 706 274 769 homine
282 703 398 782 aliquid
408 711 559 782 peterent,
567 705 761 783 nisiabipso‚
771 703 1217 784 conjicerentruinspeluncam

72 828 76 836 ·
149 794 281 855 leonum.

185 880 300 939 Verum
318 876 377 937 hoc
396 876 529 937 edictum
548 876 587 937 ab
604 877 710 939 aulicis
721 876 832 938 callide
845 877 1003 937 obtcmum
1015 876 1074 938 luit
1089 877 1217 940 Danielis

148 964 298 1045 perdendi
320 979 421 1026 cauae.
441 963 652 1023 Praetexebant
672 962 763 1024 aulici
783 962 843 1023 hoc
862 961 995 1023 edictum
1020 964 1217 1025 neceesarium

148 1067 215 1113 esee
233 1049 272 1112 ad
286 1051 403 1129 regiam
420 1047 505 1108 Dedi
521 1048 729 1109 auctoritatem
743 1047 822 1127 apud
836 1047 1021 1126 Babylonios
1031 1045 1216 1120 firmandam.

146 1135 367 1212 volebantque,
384 1139 419 1194 ut
435 1150 532 1195 novus
551 1150 605 1193 rex
626 1139 777 1210 tamquam
795 1131 937 1193 divinitas
958 1131 1143 1205 haberetur,
1165 1150 1216 1212 quo

145 1220 306 1302 Babylonii
319 1220 384 1298 ejus
392 1220 513 1299 legibus
521 1219 639 1281 facilius
650 1219 905 1298 obtemperarent.
915 1220 1026 1280 Darius
1035 1236 1113 1282 vero
1123 1219 1215 1282 dolum

145 1308 202 1371 sub
219 1308 385 1369 aulicorum
402 1307 529 1368 consilio
546 1306 693 1367 latentem
711 1305 793 1367 haud
808 1305 975 1384 perspexit.
986 1307 1094 1366 Unmn
1105 1323 1144 1367 ea
1156 1306 1215 1387 pul·

145 1390 304 1454 cherrimia
315 1390 474 1450 Persarum
485 1389 630 1450 institutis
642 1397 697 1462 eet,
710 1388 812 1449 aiebat
823 1388 996 1449 Artabanus
1006 1387 1214 1458 Themistocli,

145 1473 227 1552 quod
235 1490 291 1533 rex
298 1481 332 1533 ut
341 1474 440 1553 imago
450 1472 551 1533 omnia
560 1475 769 1535 conservantis
776 1473 835 1535 Dei
846 1472 1002 1534 1111111111
1011 1480 1040 1533 et
1052 1473 1189 1536 1111111111
1197 1474 1214 1534 ¹.

144 1560 191 1620 lix
201 1576 261 1635 quo
272 1558 399 1636 quisque
412 1557 641 1619 videtedictum
652 1560 736 1620 Darii
745 1559 838 1626 idedi
850 1559 974 1620 ommno
991 1558 1213 1623 credibilem

145 1648 236 1724 (coni.
250 1662 282 1707 n.
293 1643 475 1720 ulcerato).

181 1734 255 1791 311).
262 1730 293 1793 6⁰
301 1728 460 1809 Objiciunt
468 1729 577 1801 adhuc,
587 1748 679 1793 voces
686 1730 806 1810 origine
813 1747 927 1811 graecas
935 1728 1065 1793 inhiece
1073 1731 1212 1811 capitibus

144 1835 315 1881 occurrere.
329 1821 445 1879 Verum
459 1818 493 1880 id
504 1836 524 1881 a
535 1819 664 1899 veritate
676 1819 812 1881 alienum
828 1827 883 1882 est.
896 1818 1029 1896 Quidam
1040 1835 1118 1880 vero
1136 1835 1210 1887 uum,

144 1910 176 1965 et
186 1904 271 1966 modi
288 1904 448 1983 loquendi,
462 1904 515 1982 qui
535 1904 628 1966 etiam
644 1914 851 1985 opponuntur,
873 1912 965 1967 aetate
985 1903 1125 1965 Danielis
1141 1902 1211 1965 obti-

142 1989 268 2051 nebant.

180 2075 315 2137 ilistoria
326 2076 450 2154 prolana
460 2075 603 2153 equidem
614 2075 730 2137 nullum
743 2092 848 2155 regem
855 2074 1097 2153 Babyloniorum
1107 2072 1211 2135 Pallae·

141 2177 241 2223 sarem
264 2170 404 2223 vocatum
431 2170 654 2224 commemorat.
683 2164 725 2225 At
747 2181 836 2243 reges
856 2161 1021 2223 orientales
1047 2159 1209 2239 hequenter

141 2244 228 2323 plura
239 2247 362 2308 nomina
375 2248 539 2309 habebant.
555 2251 672 2310 Auctor
688 2251 842 2311 recentior
851 2248 985 2329 proiecto
1002 2263 1117 2309 nomm
1130 2245 1208 2325 iguo·

141 2332 355 2392 tumomnibua
366 2349 420 2395 suo
433 2332 512 2392 libro
526 2333 606 2393 haud
618 2333 805 2396 inseruisset.
845 2379 849 2387 ·

232 2461 248 2532 s
261 2466 349 2515 cxiv.
359 2490 390 2504 ·-
399 2465 563 2516 Difficultatee
571 2468 734 2532 particulares
744 2469 860 2518 adversus
875 2466 1133 2518 c.l-c.l2Da1lella.

176 2585 249 2642 etl.
264 2586 295 2645 1ο
308 2585 557 2648 Eventushcrum
566 2587 779 2649 vaticiniorum
791 2588 967 2668 longissime
977 2588 1095 2650 dietam
1113 2592 1210 2649 11111

139 2687 214 2748 pore
237 2687 343 2731 eorum
365 2671 507 2751 originis,
526 2680 559 2735 et
574 2681 637 2734 um
653 2672 797 2735 adcurate
816 2691 885 2735 cmn
901 2674 965 2734 suis
985 2671 1210 2735 circmnstaffiis

139 2756 277 2833 praedicti
287 2765 367 2829 sunt,
379 2766 414 2818 ut
424 2757 551 2821 historia
562 2766 725 2821 eventuum
733 2760 1035 2840 preteritorumesae
1059 2758 1210 2821 viduatu

139 2850 207 2915 post
222 2844 408 2905 Antiochum
427 2845 617 2924 Epiphanem
639 2847 768 2926 scripta,
797 2862 834 2906 eo
855 2846 951 2923 magis
970 2844 1055 2923 quod
1075 2842 1210 2907 vaticmit

138 2928 244 2989 isthaec
264 2937 385 2991 aetatem
407 2930 496 3009 hujus
521 2930 667 2993 Antiochi
687 2949 749 2991 non
770 2931 933 3003 excedant,
958 2938 991 2992 et
1018 2928 1125 2993 nullm
1144 2928 1211 2991 aliu

138 3011 288 3091 Propheta
304 3032 354 3076 res
367 3015 480 3078 futurae
491 3024 553 3078 tam
562 3016 705 3077 adcurate
717 3015 905 3094 praedixerit.

175 3097 237 3159 Sed
245 3099 326 3178 quod
334 3101 434 3181 ahqua
446 3101 582 3163 Daurelrs
590 3101 735 3163 vahcrma
748 3100 875 3163 clariora
886 3106 957 3161 sunt
967 3100 1073 3162 multis
1089 3096 1211 3181 prophe·

138 3181 188 3245 tiis
200 3183 328 3245 aliorum
342 3186 577 3268 Prophetarum,
589 3185 790 3268 repetendum
808 3193 855 3247 est
874 3185 940 3247 ab'
931 3186 1058 3264 ingenio
1081 3182 1211 3248 Danielis

138 3267 228 3328 rebus
238 3271 356 3348 magnis
364 3279 396 3332 et
405 3271 540 3349 pohtrcrs
549 3271 686 3344 adsueto
699 3270 948 3351 quovisronesde
957 3278 1041 3332 sorte
1053 3285 1212 3352 regulorum

137 3347 279 3411 adcurate
287 3352 451 3431 perspexit
460 3352 580 3415 Falsum
588 3360 751 3425 autemest,
768 3352 942 3433 prophetias
950 3353 1091 3417 Danielis
1099 3359 1211 3417 arula

168 3459 346 3512 ¹Pluturchus
339 3476 366 3512 ιιι
373 3465 546 3513 Themistocle.

137 3589 151 3615 ›-
161 3585 188 3620 ae
198 3573 288 3621 bovem
299 3585 352 3622 ecee
362 3572 583 3634 incommonitus
592 3576 745 3637 pedibusque
753 3575 881 3636 incedere,
889 3575 1211 3641 herbmeomedemnplle

136 3660 150 3684 1
161 3644 189 3689 nt
199 3643 312 3690 cornibus
319 3644 419 3703 petere,
429 3643 481 3691 ruri
491 3646 647 3707 commorari,
658 3647 800 3694 societatem
810 3646 937 3694 hominum
945 3645 1049 3707 iuqere,
1060 3649 1139 3709 atque
1146 3656 1212 3698 en·

136 3727 151 3753 r·
160 3723 234 3764 rtem.
245 3710 359 3769 barbam.
371 3718 397 3761 et
405 3724 501 3774 unques
511 3714 542 3762 1ι1
549 3713 641 3763 animal
650 3717 760 3775 nutrire,
769 3716 880 3776 iuooepit.
891 3714 949 3774 iiius
958 3715 1037 3764 aulici
1046 3716 1096 3767 hoc
1106 3713 1211 3779 put-a

135 3781 259 3830 »attoniti
270 3780 341 3829 illum
349 3782 469 3843 ceperunt
475 3780 502 3830 et
511 3781 663 3844 ligaverunt,
673 3782 702 3832 ui
710 3784 798 3833 Daniel
809 3781 847 3847 (c.
857 3782 887 3843 1,
896 3783 940 3846 li)
951 3783 1088 3834 observat:
1100 3780 1211 3846 adast·

135 3865 151 3892 ι
161 3849 259 3898 viuculo
274 3863 337 3900 aereo
347 3852 373 3900 et
382 3851 471 3900 terreo.
482 3851 541 3899 cum
551 3852 595 3900 illo
607 3853 711 3913 eperunt
722 3854 751 3901 ui
760 3865 817 3902 cum
829 3852 922 3901 insama
931 3853 958 3901 ei
967 3851 1114 3904 iuribuadia
1127 3853 1167 3915 acl
1175 3863 1211 3901 tt·

135 3918 215 3965 alei..
217 3919 337 3968 .taudem
353 3919 572 3969 Nabuchodonosor
585 3919 743 3983 1111111111,
753 3923 780 3971 el
791 3923 844 3970 ruri
855 3921 972 3971 uibeetia
982 3923 1060 3972 uixit.
1071 3918 1211 3983 liujuatutil

135 3987 239 4036 amorbi
249 3988 353 4037 medicis
362 3989 464 4038 minime
475 3989 550 4050 ignoti
560 3992 617 4039 aunt
622 3989 761 4053 ,paucique
769 3990 827 4041 libri
837 3990 989 4041 medicorum
1000 3991 1033 4043 de
1044 3993 1097 4045 illia
1107 3989 1211 4043 elicui.»

138 4053 145 4091 t
155 4055 220 4108 Dici.
231 4056 262 4108 de
271 4057 296 4108 11
305 4058 390 4114 ilible
399 4060 447 4108 art.
458 4058 645 4120 lycanthropie.
