2708 4846
22 443 31 459 ·
137 422 185 492 too
432 437 475 483 oe
495 433 616 483 rsxru
635 433 676 480 ur
697 429 940 479 vensiontnus

136 529 263 600 menda,
285 527 368 589 baud
393 533 495 587 tamen
516 522 741 594 substantialia,
767 521 973 601 irrepsenmt‚
997 518 1222 580 amanuensibus

136 616 285 679 lectiones
292 613 434 692 Vulgaris
452 611 612 681 editionis,
621 610 735 691 glossas
744 609 882 678 Petrum,
892 614 1045 685 notasque
1051 606 1223 685 marginales

138 705 183 765 eis
195 701 414 771 inserentibns3
430 707 461 761 at
472 706 518 760 tot
530 716 565 760 ac
578 704 661 759 mna
676 714 737 757 non
749 696 886 766 fuerunt,
901 701 979 772 quot
993 701 1027 755 et
1039 701 1152 771 quanta
1162 703 1223 756 ante

136 789 305 868 origenem
319 787 454 856 inerant,
474 792 565 864 atque
586 800 624 843 ex
636 782 800 844 collatione
815 788 956 841 veterum
975 777 1138 852 codicum,
1155 780 1224 840 anti·

137 892 264 953 quarum
272 875 463 944 versionum,
477 873 666 948 aliorumque
678 869 929 931 documentorum
944 867 1038 929 facile
1050 866 1225 947 dignoscun-

137 967 201 1031 tur;
216 967 316 1021 textus
324 976 441 1040 graecus
456 965 558 1020 autem
570 957 692 1036 integer
703 954 803 1034 quom
819 953 1021 1016 substantiam
1038 961 1225 1016 conservatus

137 1045 195 1106 tuit
210 1052 274 1105 turn
287 1045 320 1104 in
333 1038 491 1106 c'odicibus
507 1041 724 1104 sticbometriae
736 1039 847 1100 Eulalii
863 1039 1075 1099 anterioribus
1088 1037 1136 1116 (n.
1148 1036 1224 1116 did),

137 1139 202 1192 tum
211 1133 243 1193 in
252 1132 410 1194 codicibus
417 1129 665 1200 sticbometricis,
676 1136 741 1189 tum
750 1127 784 1188 in
798 1126 957 1191 codicibus
972 1125 1113 1188 extincta
1125 1125 1225 1189 sticho

138 1219 252 1279 metria
265 1217 422 1279 coniectis.

176 1302 286 1366 Primae
298 1304 401 1365 classis
415 1310 484 1364 sunt
497 1301 622 1363 celeber
635 1300 755 1370 Codex,
770 1298 986 1362 alexandrinus
996 1305 1141 1371 vocatos,
1154 1299 1225 1379 quoi

22 1449 25 1452 .
136 1388 333 1450 Alexandriae
346 1388 475 1466 scriptun
484 1386 634 1458 creditur,
648 1392 679 1446 et
688 1386 721 1446 in
729 1386 845 1446 Musaeo
854 1383 1035 1446 Britannico
1046 1384 1223 1458 adservatam,

139 1488 175 1533 ac
188 1472 314 1534 celeber
328 1470 434 1532 Codex
450 1472 630 1542 Vaticanus;
645 1478 776 1549 uterque
789 1470 902 1531 litteris
918 1469 1096 1532 uncialibus
1112 1478 1146 1533 et
1161 1487 1225 1551 qua·

139 1557 249 1628 dratis,
272 1574 333 1617 una
354 1557 583 1617 continuatione
607 1557 674 1617 sine
694 1556 944 1636 interpunctione
967 1573 1003 1617 ac
1024 1556 1225 1619 sticbometria

138 1642 269 1722 scriptus
287 1648 348 1713 est,
369 1647 401 1702 et
413 1640 522 1703 Libros
540 1658 642 1703 sacros
653 1641 769 1709 veteris
785 1659 821 1702 ac
838 1640 911 1701 novi
927 1640 1069 1703 Foederis
1082 1643 1224 1724 complec-

138 1729 223 1794 titur.
236 1729 354 1790 Primus
364 1728 466 1789 medio
479 1727 592 1789 saeoudo
605 1728 712 1807 qvxinto
727 1735 759 1789 et
771 1729 850 1790 alter
861 1728 901 1789 ad
910 1726 1005 1790 mem
1016 1731 1121 1808 quarti
1136 1730 1224 1792 autad

139 1814 261 1874 initium
269 1814 373 1877 saeculi
385 1815 484 1892 quinti
501 1814 656 1875 coniectus
668 1820 725 1879 est.

176 1900 325 1962 Secmndae
333 1897 438 1963 classis
446 1907 516 1961 sunt
526 1900 652 1961 celeber
660 1899 765 1963 Codex
775 1896 1225 1981 cantabrigiensis,livangelia

141 1992 172 2046 et
186 1992 271 2047 actus
291 1985 507 2064 Apostolorum
528 1984 680 2054 reterens,
705 1990 737 2044 et
757 1984 985 2046 sticbometrice
1005 1985 1057 2063 (n.
1076 1985 1225 2064 bibleam

141 2071 282 2131 versione
294 2070 389 2131 latina
406 2070 709 2149 antebieronymiana
729 2071 837 2132 nitidis
847 2071 960 2132 litteris
972 2072 1148 2135 uncialibus
1160 2090 1225 2153 φη·

140 2157 235 2217 dratis
247 2173 431 2237 pergameno
442 2157 605 2237 inseriptus
614 2174 719 2220 versus
731 2158 824 2220 finem
836 2157 940 2220 seculi
953 2161 1052 2233 sexti,
1067 2168 1120 2222 aut
1129 2161 1225 2222 mitem

139 2241 251 2302 saeculo
261 2242 403 2319 septimo.

177 2324 284 2388 Codex
301 2324 476 2385 Laudianus
499 2333 567 2386 acta
583 2328 800 2406 Apostolorum
826 2329 976 2391 exbibens
996 2348 1068 2392 cum
1092 2333 1226 2396 versione

139 2411 239 2470 latina·
246 2410 433 2487 Hieronymo
446 2412 600 2472 anteriore
613 2414 839 2478 sticbometrice
852 2417 966 2480 litteris
977 2418 1154 2484 uncialibus
1164 2436 1225 2482 exa·

139 2500 221 2555 ratus
232 2493 442 2555 verisimiliter
454 2495 511 2556 sub
522 2495 614 2557 linem
626 2499 729 2560 saeui
739 2503 849 2564 octavi.

177 2578 283 2642 Codex
295 2576 547 2642 claromontanus
564 2590 596 2643 et
608 2584 894 2663 sangermanensis,
908 2595 969 2653 etc.

175 2666 290 2726 Tertiae
312 2665 417 2728 classis
433 2674 503 2728 sunt
516 2669 622 2733 Codex
644 2671 775 2749 Cyprius
795 2680 923 2750 quatuor
945 2677 1116 2757 Evangelia
1135 2680 1225 2741 conti·

138 2769 232 2822 nens,
245 2758 278 2814 et
287 2752 397 2813 saeculo
409 2753 573 2816 undecimo
584 2756 697 2818 litteris
710 2759 880 2820 uncialibus
892 2761 1036 2842 oblongis
1046 2781 1224 2846 pergameno

139 2838 1133 2928 inscriptus,additisaccentibusetinterpunetionequapunctum
1141 2850 1226 2914 tinem

141 2924 229 2985 stiebt'
238 2926 286 3001 (n.
300 2923 372 3001 did)
385 2933 483 2988 notat.

176 3008 281 3072 Codex
288 3009 471 3072 Basileensis
483 3013 595 3074 saeculo
606 3033 687 3077 nono
700 3017 811 3079 litteris
822 3021 995 3083 uncialibus
1014 3025 1147 3105 scriptus
1162 3042 1225 3088 cum

140 3093 386 3172 interpunctione
404 3095 443 3156 ad
459 3098 580 3177 regulas
593 3103 798 3178 grammaticae
815 3113 955 3183 peracta,
975 3115 1035 3170 etc.
1053 3112 1096 3171 lli
1119 3112 1225 3190 aliique

138 3177 262 3240 codices
290 3183 487 3262 manuscripti
505 3185 610 3247 saeculi
632 3186 760 3259 decimi,
784 3189 938 3252 undecimi
962 3209 997 3254 ac
1025 3196 1224 3275 posteriorum

137 3264 316 3326 soculorum
340 3266 486 3348 descripti
505 3279 576 3331 sunt
596 3289 616 3333 a
638 3273 878 3348 blontlauconio,
899 3276 1043 3352 Birchio,
1067 3282 1222 3354 blattbaeo,

138 3351 320 3411 Wctstenio
332 3395 342 3423 ,
355 3359 387 3411 et
399 3353 612 3419 Griesbacbio.

174 3434 266 3495 Juxta
287 3436 343 3497 bos
361 3437 497 3514 aliosque
515 3441 655 3512 codices,
675 3445 800 3506 inventa
822 3448 904 3509 circa
926 3465 1040 3512 annum
1062 3454 1139 3516 libo
1160 3470 1225 3517 πη

139 3518 271 3599 vulgaris
292 3522 506 3603 typographia,
530 3533 628 3588 textus
645 3545 761 3607 graccus
778 3533 867 3593 initio
887 3536 991 3596 saeculi
1014 3537 1132 3602 decimi
1152 3540 1224 3603 sexti

140 3607 218 3685 typis
228 3608 401 3682 mandatus,
413 3626 449 3671 ac
462 3611 523 3672 late
537 3611 749 3678 disseminatus
760 3616 817 3677 luit
830 3621 855 3678 *.

167 3761 280 3812 'Primus
302 3762 398 3814 textum
413 3778 520 3826 graecum
531 3771 607 3829 praelo
617 3772 729 3820 mandari
740 3777 837 3824 curavit
853 3778 951 3826 celeber
962 3781 1099 3833 cardinalis
1113 3786 1223 3834 libum

137 3831 208 3879 annis
218 3833 336 3894 tert-tr,
346 3836 370 3883 in
381 3836 524 3896 Polyglottis
534 3841 756 3900 complutensibus.
768 3844 864 3893 &cute
874 3848 930 3894 sunt
938 3848 1063 3900 editiones
1074 3855 1222 3902 masmim

139 3902 250 3948 versione
258 3902 344 3962 latina,
353 3904 488 3953 etlloberti
497 3906 625 3967 Stephani,
637 3911 711 3970 atque
724 3911 766 3958 illa
778 3914 1076 3968 roconismontem
1088 3922 1222 3983 praeoeder-

86 3981 89 3988 Α
138 3968 204 4015 tibus
215 3970 377 4019 emendatior.
390 3975 427 4019 Ex
436 3975 505 4022 Besae
516 3979 659 4025 recensione
670 3979 844 4043 codicibusque
855 3985 959 4045 repertis
968 3988 1055 4036 textus
1066 4004 1161 4051 graecus
1170 3991 1221 4040 dein

137 4035 226 4085 uculo
237 4038 446 4102 decimoseptimo
463 4044 739 4098 characteribnsnitidts
747 4050 880 4112 saepissimo
890 4055 954 4115 typis
967 4059 1222 4130 mandatmiuitht·
