2708 4846
412 505 599 555 utanouuu
618 507 819 562 secuuntur.
1120 514 1153 568 Β

75 591 167 654 editis
179 593 334 655 miraculis
353 601 383 658 et
397 598 550 665 vaticiniis
566 604 811 685 comprobarunt,
826 602 888 670 illis
900 608 935 670 ut
949 604 1024 672 talia
1039 606 1151 674 tradita

73 678 383 762 demostratus).

393 839 474 909 silli.
482 866 513 883 -
520 845 558 897 uo
568 845 679 898 oraculis
687 846 832 899 muudum.

113 960 163 1018 47.
182 957 253 1041 obj.
264 959 396 1033 Oraoula
410 970 548 1026 retermu
566 965 748 1042 Gentilium,
770 968 912 1047 inquiunt
928 968 1055 1047 Deistae,
1068 973 1149 1038 divi·

75 1045 154 1107 nitus
168 1045 316 1124 inspirata
332 1046 439 1120 fuisse,
458 1065 477 1110 a
495 1052 622 1130 Paganis
638 1052 712 1115 falso
731 1054 882 1116 creditum
902 1055 973 1128 fuit;
993 1076 1048 1119 cur
1062 1061 1148 1125 Libri

73 1131 150 1193 sacri
161 1130 403 1195 christianorum
413 1135 529 1214 pariter
542 1134 616 1198 ialso
628 1136 767 1218 inspirati
782 1155 846 1200 esse
859 1157 921 1201 uon
933 1142 1149 1211 crederentur?

106 1217 196 1295 Reap.
209 1214 405 1278 Oraeulailla
417 1221 538 1282 nonnisi
552 1221 591 1281 ab
610 1221 716 1301 ignaro
737 1223 828 1303 vulgo
846 1223 912 1286 sine
930 1217 1054 1290 motivis
1066 1230 1149 1293 suili-

71 1301 225 1364 cientibus
233 1301 352 1363 oredita
360 1302 490 1375 fuerunt,
501 1323 563 1366 non
572 1323 645 1368 vero
657 1306 782 1369 edoctis
794 1316 826 1370 et
839 1310 1026 1390 sapientibus
1039 1314 1148 1378 Genti-

70 1385 160 1457 lium;
174 1386 209 1445 lri
221 1388 305 1447 enim
319 1387 374 1448 illa
387 1395 420 1450 ut
431 1389 665 1453 sacrificulorum
673 1393 793 1455 fraudes
805 1394 984 1457 deriserunt.
999 1398 1061 1461 Res
1072 1418 1148 1466 vcro

70 1488 103 1534 se
114 1490 238 1554 prorsuis
247 1474 337 1535 aliter
345 1475 439 1537 habet
450 1493 518 1537 cum
526 1477 626 1541 Libris
637 1481 730 1543 sacris
742 1480 996 1558 Christianorum,
1009 1492 1044 1548 ut
1055 1504 1086 1549 n.
1097 1488 1148 1552 db·

70 1559 106 1621 ts
117 1558 197 1621 eiiii
208 1559 408 1622 ostendimus.

105 1644 183 1709 Cruu
200 1645 332 1707 Orsoua
352 1645 433 1725 apud
445 1645 583 1709 Gentiles
603 1648 804 1711 celeberrima
822 1650 949 1726 luerint,
968 1659 1157 1736 partemque·

70 1747 174 1793 eorum
186 1732 412 1812 superstitionis
425 1734 648 1806 constituerint,
664 1733 729 1795 haee
743 1736 782 1797 de
793 1737 855 1799 illis
866 1736 989 1800 habeto.

104 1816 305 1880 Onculormu
322 1816 412 1879 sedes
432 1818 465 1878 in
481 1819 659 1898 regionibns
677 1822 836 1894 montosis,
860 1830 1013 1883 antrorum
1029 1825 1144 1905 plenis,

71 1902 258 1980 potissimum
275 1909 372 1965 erant.
385 1903 507 1975 Beotia,
527 1901 612 1980 cujus
632 1903 742 1965 incolae
760 1905 934 1968 Graecorum
948 1910 1146 1989 stupidissimi

73 1988 273 2061 habebantur,
285 1988 423 2050 Oraeulis
432 1988 585 2068 praecipue
595 1987 777 2050 abrmdahat.
789 1991 824 2051 ln
834 1991 945 2069 quibus
956 2001 1057 2055 autem
1068 1996 1145 2063 locis

71 2080 177 2135 namra
186 2073 266 2134 baud
275 2072 418 2134 formarat
430 2090 583 2146 cavernas,
594 2070 755 2135 sacrificuli
764 2075 832 2137 illas
843 2077 1026 2156 supplebant
1039 2081 1145 2147 obscu-

70 2159 110 2221 ris
120 2176 157 2221 ac
170 2160 297 2221 remotis
308 2159 417 2237 adytis.
432 2158 605 2220 Famosiora
613 2159 774 2238 gentilium
785 2160 914 2223 Oracula
922 2163 1044 2227 fuorunt
1056 2169 1144 2235 Jovis

69 2247 214 2309 mdonaei
230 2246 381 2326 inEpiro,
397 2252 428 2306 ot
448 2245 601 2325 Apollinis
611 2245 753 2327 Delphici
769 2247 803 2309 in
820 2246 966 2312 Phocide.
979 2251 1026 2313 En
1039 2270 1143 2319 eorum

70 2350 87 2395 o
134 2334 229 2394 inem.
1167 2400 1171 2407 ,

87 2350 196 2481 Ῥω
205 2418 452 2481 verisimiliorem
461 2417 638 2497 opinionem
649 2418 796 2481 Sacerdos
805 2417 952 2483 Thebana
961 2423 993 2484 in
1005 2424 1142 2507 AEgypto

68 2503 293 2567 anoenicibus
301 2503 414 2575 ablata,
426 2509 458 2564 et
469 2503 585 2565 Graecis
596 2502 769 2575 divendita,
785 2522 912 2579 nomeu,
932 2511 1142 2576 auctoritatem

68 2591 236 2653 etdivitias
251 2590 313 2653 sibi
333 2595 554 2669 comparatum,
569 2590 601 2649 in
619 2591 704 2666 sylva
721 2591 856 2652 Dodona
869 2609 964 2673 prope
975 2595 1075 2657 rivum
1092 2618 1142 2661 se.

67 2674 136 2739 dem
147 2674 230 2748 lixit,
243 2692 387 2753 aramque
396 2676 467 2736 Jovi
478 2674 585 2735 erexit.
596 2674 730 2754 stupidis
742 2691 778 2736 ac
792 2677 1008 2754 superstitiosis
1022 2684 1142 2762 populis

67 2761 176 2823 vicinis
188 2762 339 2842 persuasit
355 2776 388 2821 se
410 2761 497 2821 lovis
514 2758 703 2821 voluntatem
720 2775 758 2820 ex
770 2778 922 2823 murmure
937 2761 997 2823 rivi
1013 2781 1141 2845 cognos-

67 2863 152 2922 cere,
165 2864 201 2911 ac
210 2847 404 2929 interpretari
416 2862 514 2926 posse.
527 2847 659 2909 Posterae
670 2846 844 2909 sacerdotes
853 2865 968 2910 aeneam
985 2850 1072 2914 Jovis
1083 2862 1139 2917 sta-

65 2938 163 3007 tuam,
186 2934 308 3013 flagello
326 2931 461 3011 ejusdem
473 2931 588 2993 metalli
608 2932 798 3007 instructam,
818 2951 854 2996 ac
872 2935 954 2996 circa
972 2935 1056 2999 illam
1070 2957 1139 3006 vasa

67 3034 168 3091 mea,
179 3019 218 3081 ad
230 3035 375 3099 quercum
385 3017 616 3096 suspenderunt.
628 3019 736 3079 Flante
748 3028 849 3081 antem
866 3029 973 3093 vento,
987 3027 1140 3101 percutie-

68 3103 180 3165 bantur
186 3105 304 3185 amello
315 3106 374 3166 ista
387 3120 472 3176 vasa,
483 3120 566 3181 quae,
583 3110 615 3164 et
624 3104 704 3164 inter
715 3118 749 3165 se
761 3106 893 3165 invicem
908 3109 1073 3185 exagitata,
1089 3128 1139 3172 va-

66 3188 130 3251 rios
139 3204 229 3252 sonos
237 3190 386 3262 edebant,
399 3207 474 3267 quos
483 3188 656 3250 sacerdotes
669 3189 799 3250 Oracula
808 3189 894 3249 Jovis
904 3205 970 3249 esse
980 3188 1139 3281 dicebant,

65 3282 97 3337 et
111 3294 183 3355 qnae
200 3277 489 3357 interpretabantur.
507 3273 674 3337 sacrificuli
693 3275 726 3335 in
746 3275 918 3353 quercubus
939 3275 1026 3336 istius
1045 3277 1140 3354 sylvae

64 3360 244 3441 quaudoque
260 3360 445 3433 absconditi,
459 3359 687 3425 consulentibus
702 3360 832 3422 Oracula
852 3359 975 3423 dabant.
990 3361 1070 3423 Hinc
1084 3379 1139 3424 ve·

64 3454 143 3511 teres
153 3448 269 3528 Pagani
281 3445 439 3520 dicebant,
450 3464 578 3526 quercus
590 3445 753 3509 dodonaeas
762 3445 892 3508 Oracnla
903 3446 996 3509 dandi
1009 3447 1073 3509 vim
1083 3448 1139 3511 ha·

96 3618 260 3702 eruginem
272 3619 396 3683 Oraculi
412 3617 554 3698 Delphici
571 3617 720 3680 Diodorus
736 3618 854 3680 siculis
871 3619 916 3681 ita
932 3624 1041 3680 narrat.
1062 3619 1138 3685 com

63 3718 157 3789 cuprea
169 3707 210 3769 ad
224 3704 412 3784 incognitam
429 3706 539 3767 montis
554 3704 693 3767 Parnassi
708 3719 869 3765 cavernam
882 3704 1093 3778 accessissent,
1106 3714 1139 3771 ct

61 3790 658 3885 ffismdoegredienuuusvaporibus
666 3788 1016 3868 quasiiniuroremactae
1025 3801 1137 3866 emunt
1210 3844 1213 3849 .

47 3876 245 3945 -n'rltoulus
258 3876 319 3940 hae
334 3892 369 3938 re
380 3877 538 3948 attonittu,
552 3874 661 3938 eadem
672 3891 802 3937 caverna
813 3876 922 3957 petita,
937 3873 1137 3957 eumdemque

8 3944 16 4007 ι
61 3946 165 4029 horu
174 3962 324 4027 ellectum
339 3967 493 4040 expertus,
507 3961 620 4023 absona
633 3960 717 4039 loqui
727 3961 835 4040 cupit,
846 3977 913 4038 quae
927 3960 1074 4039 astupido
1086 3979 1137 4042 po·

20 4072 24 4081 ·
44 4038 129 4135 ᾗ
144 4058 182 4115 ut
197 4048 335 4115 Oraeula
351 4047 455 4110 habita
470 4050 601 4110 fnenmt.
615 4046 754 4113 Caverna
772 4046 879 4109 isthaec
896 4046 1085 4127 postmodum
1102 4051 1136 4111 in

40 4196 45 4211 ,
61 4136 187 4209 &cusu
199 4134 480 4222 templillpolllnis
496 4135 628 4214 melma,
642 4133 822 4218 ac'iripodo
832 4132 1137 4270 tecta-tuitul’ririle·
