2708 4846
396 464 585 514 ttouosutt
605 464 804 514 sinuosum
1096 462 1143 513 iil

60 554 238 617 comedim
262 553 417 633 indigeret3
442 573 510 634 quae
528 574 547 617 a
567 557 712 618 Romanis
735 553 932 617 Pontificibus
951 561 1075 634 peracta
1098 561 1145 616 est

34 701 37 707 .
60 647 110 720 (n.
123 641 204 720 dot),
219 643 363 720 illamque
377 661 469 722 quam
479 645 725 706 emendatissime
737 644 819 724 typis
829 643 966 704 mandari
974 642 1106 721 jusserit.

97 727 259 806 vulgatam
272 745 345 788 vero
358 729 545 801 versionem,
564 738 633 790 utut
644 731 758 811 optime
769 729 854 807 juxta
867 730 987 808 regulas
994 746 1074 790 sanae
1084 729 1142 790 cri·

60 813 139 873 tices
152 812 209 873 sub
225 811 386 873 Clemente
397 815 469 874 Vlll
482 822 666 886 correctam,
679 815 791 876 menda
803 822 920 884 umen,
933 813 1075 891 equidem
1087 813 1147 874 mi-

59 897 146 958 noris
158 899 322 968 momenti,
334 901 508 971 continere,
521 897 552 959 l⁰
564 899 695 961 candide
706 900 816 959 iatetm
824 899 963 960 Praelatio
973 900 1145 960 Bibliorum

60 984 118 1044 sub
141 985 302 1048 Clemente
324 986 394 1044 Vlll
414 987 579 1065 scripturas
599 1003 692 1048 sacre
713 984 852 1066 praelixa,
873 986 903 1046 in
926 1003 985 1063 qua
1007 987 1174 1099 dicitura‘

60 1091 78 1129 r
91 1070 238 1148 Quamvis
247 1071 280 1130 in
290 1071 347 1133 bac
356 1072 526 1134 bibliorum
533 1074 744 1152 recognitione
754 1073 787 1132 in
796 1072 955 1133 codicibus
962 1074 1146 1153 manuscrip-

60 1175 79 1213 s
91 1155 142 1226 tis,
156 1155 299 1227 hebreis,
310 1157 479 1235 graecisque
491 1157 636 1228 fontibus,
650 1165 682 1218 et
694 1158 768 1237 ipsis
780 1164 918 1217 veterum
931 1159 1050 1217 Patrum
1063 1175 1146 1219 com·

60 1260 79 1298 s
91 1241 251 1303 mentariis
264 1242 457 1303 conterendis
471 1261 533 1304 non
545 1243 700 1306 mediocre
710 1243 843 1305 studium
852 1242 1023 1304 adhibitum
1033 1241 1144 1303 luerit:

62 1345 79 1382 x
92 1326 125 1385 in
137 1325 196 1386 hac
213 1334 316 1387 tamen
334 1328 512 1408 pervulgata
523 1328 672 1399 lectione,
684 1329 762 1389 sicut
772 1327 918 1389 nonnulla
929 1327 1065 1388 consulto
1078 1344 1145 1387 mn·

62 1406 169 1482 stata,
180 1411 223 1471 ita
237 1412 330 1472 etiam
340 1413 415 1483 alia,
426 1431 490 1490 quur
500 1414 641 1475 mutando
652 1415 836 1484 uidebuntur,
848 1411 977 1473 marullo
988 1402 1145 1481 Moto

63 1496 196 1556 »relicto
207 1504 283 1556 suut.
299 1518 315 1552 u

97 1583 130 1642 2⁰
143 1582 234 1646 Card.
247 1583 464 1656 Bellanuinus,
477 1585 530 1662 qui
547 1602 624 1645 unus
636 1600 675 1645 ex
686 1584 909 1645 correctoribus
925 1584 1057 1645 romanis
1071 1584 1143 1656 fuit,

61 1666 95 1727 in
106 1667 243 1746 Epistola
260 1667 299 1728 ad
312 1669 424 1729 Lucam
441 1670 628 1748 brugensem
639 1670 769 1730 scribit:
787 1690 802 1725 n
816 1670 899 1730 Scias
920 1670 1030 1738 velim,
1044 1668 1144 1731 Biblia

63 1774 80 1809 n
92 1754 216 1832 vulgata
232 1770 294 1813 nou
312 1770 379 1813 esse
398 1770 416 1813 a
430 1754 519 1814 nobis
537 1755 760 1815 accuratissime
773 1755 917 1832 castigata
933 1756 1047 1814 :multa
1061 1755 1145 1814 enim

63 1859 80 1895 a
93 1838 132 1900 de
146 1838 309 1907 industria,
322 1838 426 1899 multis
437 1838 477 1899 de
488 1839 596 1909 causis,
606 1840 864 1918 pertransivimus,
876 1855 943 1916 quae
953 1840 1143 1901 correctione

64 1922 235 2001 »indigere
246 1922 440 1983 videbantur.
456 1944 472 1978 n

98 2008 327 2068 Catholicorum
360 2009 498 2067 nonnulli
521 2015 711 2068 autumarunt
734 2007 905 2070 Concilium
930 2007 1143 2068 Tridentinum

62 2094 224 2172 Vulgatam
236 2094 371 2153 lontibus
384 2093 517 2156 hebraeis
526 2102 557 2154 et
566 2095 674 2173 graecis
683 2095 868 2174 praetulisse,
880 2095 1046 2171 horumque
1057 2112 1153 2156 usum

63 2197 118 2239 suo
141 2179 265 2239 decreto
286 2178 493 2257 prohibuisse,
515 2180 608 2258 idque
621 2180 743 2257 quidam
755 2181 871 2258 antiqui
887 2180 1059 2241 Acatbolici
1072 2180 1143 2240 Tri-

63 2263 201 2324 dentinae
213 2264 328 2341 synodo
343 2265 571 2342 exprobrarunt.

102 2351 217 2410 Vermn
235 2367 276 2410 ex
297 2349 369 2428 ipsis
382 2351 484 2411 verbis
498 2351 615 2413 decreti
628 2352 786 2413 tridentini
799 2353 895 2429 liquet
907 2371 913 2411 :
927 2385 959 2396 -
971 2351 1142 2415 Concilimn

63 2434 226 2514 vulgatam
242 2435 376 2496 lontibus
394 2453 454 2495 non
465 2439 649 2515 praetulisse3
663 2457 733 2499 nam
752 2438 834 2498 illam
845 2454 907 2498 non
923 2455 991 2499 cum
1004 2436 1141 2514 sordibus,

63 2520 120 2582 sed
140 2538 209 2581 cum
230 2520 331 2581 latinis
347 2521 515 2582 editionibus
533 2540 601 2599 qum
621 2532 683 2582 tum
701 2524 987 2584 circumferebantur
999 2524 1142 2595 contulit,

65 2619 192 2679 eamque
216 2603 325 2671 edixit,
349 2604 531 2663 contusionis
551 2621 662 2683 nempe
683 2612 729 2662 tot
750 2605 937 2672 versionum,
955 2605 1142 2682 periculique

65 2705 202 2749 errorum
224 2687 359 2747 evitandi
380 2704 483 2757 cama,
501 2688 596 2746 solam
616 2689 697 2746 inter
716 2703 820 2746 omnes
841 2688 1006 2747 existentes
1026 2692 1143 2750 versio·

64 2791 121 2834 nes
140 2774 248 2834 latinas
262 2775 291 2832 in
306 2772 435 2850 publicis
447 2771 639 2840 lectionibus,
656 2778 714 2829 etc.
728 2778 761 2828 ut
773 2770 977 2830 authenticam
991 2770 1142 2834 adhiben-

65 2858 136 2919 dam
158 2876 241 2928 esse3
264 2891 295 2903 -
318 2857 491 2920 Concilium
513 2854 727 2914 Tridentinum
744 2855 905 2933 vulgatam
926 2853 1060 2917 lontibus
1079 2876 1142 2920 non

64 2946 251 3023 praetulisse‚
264 2944 432 3019 honrmque
444 2957 531 3001 usum
541 2956 603 3000 non
619 2940 826 3012 interdixisse,
840 2939 942 3000 testati
951 2948 1023 3001 suut

102 3028 134 3087 l⁰
149 3028 319 3091 cardinalis
337 3044 355 3086 a
374 3029 405 3086 S.
419 3023 517 3086 Cruce
537 3024 680 3084 sessionis
700 3033 814 3101 quartae
831 3022 961 3084 Concilii
974 3043 1096 3104 praeses,
1110 3037 1144 3090 et

63 3116 140 3176 dein
152 3113 218 3191 ipse
230 3113 382 3173 Romanus
393 3110 532 3171 Pontifex
538 3111 595 3169 sub
607 3110 729 3170 nomine
742 3109 877 3171 Marcelli
890 3111 932 3178 ll,
942 3112 1069 3174 testibus
1081 3115 1144 3176 An·

65 3201 143 3262 drea
156 3200 258 3273 Vega,
272 3204 303 3256 et
314 3196 458 3256 Andrado
468 3195 488 3255 ¹.

104 3287 136 3345 2⁰
157 3284 306 3345 Melchior
318 3284 434 3354 Canus,
449 3283 608 3362 episcopus
625 3282 827 3353 Canariensis,
840 3282 936 3344 Andr.
951 3284 1066 3362 vegas,
1081 3285 1145 3346 An-

67 3372 197 3440 dradus,
212 3370 362 3447 Laynez⁵‚
376 3369 535 3430 Generalis
552 3369 706 3429 societatis
722 3371 810 3439 Jesu,
824 3369 876 3448 qui
889 3386 993 3430 omnes
1006 3369 1144 3432 Concilio

67 3458 248 3519 Tridentino
261 3457 476 3526 interfuerunt,
487 3456 577 3520 Card.
592 3444 822 3529 Pallavicinus³,
832 3456 884 3535 qui
896 3455 1052 3517 historiam
1066 3457 1145 3520 Con-

67 3544 133 3607 cilii
146 3543 320 3603 Tridentini
333 3543 525 3623 conscripsit,
537 3549 569 3602 et

104 3630 136 3688 5⁰
149 3631 304 3690 Salmeron
317 3630 471 3689 societatis
490 3631 579 3697 Jesu,
599 3628 651 3705 qui
671 3628 787 3706 pariter
805 3627 943 3690 Concilio
964 3627 1145 3689 Tridentino

67 3715 214 3776 interluit.
230 3715 288 3774 Hic
304 3734 319 3769 x
333 3713 428 3781 nihil,
442 3714 500 3782 ait,
514 3714 554 3773 do
567 3713 788 3792 exemplaribus
804 3713 973 3791 graecisant
993 3713 1146 3775 hebraicis

69 3801 244 3881 »agebatur
257 3802 268 3874 (
279 3801 310 3859 in
323 3799 417 3860 Cone.
432 3799 516 3859 Trld.
527 3800 553 3874 ),
568 3806 684 3859 tantum
695 3806 740 3858 tot
757 3799 838 3859 inter
852 3799 1003 3859 editiones
1021 3798 1144 3869 latinas,

70 3906 88 3942 s
99 3903 172 3964 quas
193 3885 302 3946 saecula
320 3891 421 3943 nostra
437 3885 659 3963 parturierunt,
681 3901 820 3962 quaenam
837 3900 875 3944 ex
893 3883 955 3944 illis
975 3891 1144 3961 praestaret,

70 3986 199 4031 »senno
214 3976 291 4038 crat;
309 3969 440 4029 liberum
455 3975 555 4028 alitem
572 3968 697 4047 reliquit
714 3969 745 4028 S.
764 3969 902 4048 Synodus
923 3968 1079 4039 omnibus,
1093 3968 1144 4046 qui

101 4073 113 4110 ¹
126 4076 182 4124 boc.
194 4077 237 4124 cit.
248 4100 278 4113 -·
288 4072 301 4109 ²
313 4076 382 4136 Apud
392 4075 506 4123 llariana.
519 4098 549 4113 -
560 4072 635 4123 ⁸blb.
647 4075 671 4137 6,
681 4089 702 4124 o.
714 4076 753 4124 l'l.
