2708 4846
144 438 188 484 li!
546 437 591 484 DE
610 437 814 484 tutaberis

142 531 232 591 tuisse
243 529 407 608 imputate*
418 527 529 589 illisce
542 531 703 609 praemissis
718 529 755 589 ad
768 527 1016 588 Naturalistarum
1028 525 1206 590 difficultate

179 618 209 676 l⁰
219 617 409 696 Agricultura
419 617 744 695 primoruaulrorninum
754 633 815 674 nou
826 614 916 674 insert
929 621 1105 693 apparatum
1112 615 1206 678 iustru

141 709 320 763 mentorum.
341 703 476 781 Simplex
495 701 629 780 prolecto
654 719 691 762 ea
711 701 778 760 tuit.
804 702 1004 759 lnstrruuenta
1030 699 1206 778 agricultura

141 791 262 867 propria
273 789 443 849 successive
456 788 611 847 laominum
622 789 771 847 variorum
789 785 934 846 industria
947 785 1073 846 inventa
1084 793 1161 847 sunt

178 877 294 955 Greges
311 876 420 935 Abelis
433 893 494 934 uon
506 876 782 935 custodiebantm·a
796 873 925 943 leuibus,
936 872 991 933 sed
1005 873 1121 946 aseris,
1134 881 1163 935 et
1172 892 1206 939 n·

141 961 366 1042 dissiparentur.

177 1049 208 1108 2⁰
227 1051 293 1108 Vox
311 1047 388 1125 foras
413 1048 511 1124 (Gen.
525 1049 557 1119 lt,
579 1047 618 1122 7)
638 1066 699 1106 nora
725 1047 838 1106 indicat
852 1055 955 1125 portus
975 1047 1143 1122 civitatum,
1159 1068 1205 1117 set

139 1132 242 1212 [aciem
255 1155 264 1204 ;
282 1140 382 1193 textus
394 1135 475 1193 enim
484 1132 625 1193 hebraeus
637 1132 731 1192 habet
741 1151 749 1190 ε
761 1153 777 1188 a
788 1133 895 1192 Nonne
905 1132 1021 1192 sibene
1033 1133 1140 1196 feceris
1151 1136 1205 1201 ele

142 1240 157 1278 a
170 1223 259 1282 vare?
272 1222 340 1281 etsi
352 1239 413 1280 non
426 1221 506 1280 bene
520 1220 629 1280 seceris
638 1220 676 1281 ad
686 1219 793 1280 ostium
803 1227 958 1297 peceatum
968 1221 1099 1283 cubans?
1108 1243 1123 1280 a
1136 1223 1205 1289 ilina

139 1325 243 1369 sensus
253 1326 291 1366 ex
300 1314 443 1368 contextu
452 1315 497 1366 est
509 1327 515 1364 ;
528 1328 544 1363 a
554 1308 661 1366 Nonne
670 1306 696 1366 si
705 1305 903 1367 benefeceris
914 1316 1016 1368 erecto
1027 1310 1205 1387 eapiteiuee

142 1411 158 1450 o
172 1394 243 1453 des?
255 1394 281 1452 si
292 1410 364 1451 vero
375 1391 453 1451 male
467 1392 567 1468 egeris
577 1392 608 1450 iu
620 1392 697 1451 faeie
708 1398 759 1451 tua
770 1391 1009 1451 manifestabitur
1018 1397 1200 1471 peceatrmls

176 1477 207 1537 5⁰
220 1479 295 1542 Cain
308 1484 436 1537 mortem
448 1478 575 1536 timebat
584 1494 601 1536 a
610 1477 755 1552 [tratribus
770 1484 799 1536 et
812 1477 972 1555 nepotibus
985 1479 1056 1538 suis.
1070 1481 1145 1541 lntra
1155 1479 1198 1542 tto

140 1581 248 1636 annos,
266 1564 374 1643 quibus
391 1563 488 1622 Adam
501 1571 564 1623 tum
575 1563 693 1624 vixerat
710 1561 806 1641 (Gen.
819 1563 852 1634 δ,
866 1563 1062 1640 5)‚bomines
1083 1565 1197 1645 proiecto

139 1651 329 1730 multiplicati
343 1650 470 1709 luerunt.

176 1739 207 1798 Ψ
219 1742 304 1798 Uxor
316 1735 420 1807 Caini,
432 1754 499 1813 quae
510 1736 521 1811 (
531 1736 608 1797 Gen.
622 1736 651 1804 lt,
664 1734 709 1811 ll)
724 1736 872 1806 occurrit,
885 1736 941 1796 luit
950 1737 1015 1817 ipsa
1023 1738 1109 1801 Caini
1118 1752 1193 1815 sorar.

140 1822 288 1903 Conjugia
298 1824 422 1884 fratrum
435 1837 470 1881 ae
483 1839 617 1881 sororum
630 1821 669 1880 ab
684 1821 772 1881 initio
791 1821 896 1881 mundi
916 1822 953 1881 ad
969 1824 1193 1904 propagationem

139 1909 261 1970 humani
271 1907 394 1987 generis
408 1907 579 1968 necessaria
591 1906 682 1968 fuisse
710 1923 765 1985 per
779 1923 811 1967 se
824 1913 916 1986 patet.
931 1908 1051 1986 Moyses
1063 1911 1156 1988 utique
1163 1904 1192 1967 de

170 2033 366 2093 ¹Praeadamitae,
377 2045 423 2081 sau
430 2032 578 2081 exercitatio
587 2044 642 2092 sup.
654 2045 679 2078 v.
691 2032 734 2091 lb,
746 2033 775 2079 l5
784 2034 810 2079 et
820 2030 859 2092 lt,
871 2044 924 2092 cap.
932 2032 956 2093 5,
967 2034 1011 2093 Ep.
1022 2034 1054 2082 ad
1064 2035 1130 2084 Rom.
1139 2030 1192 2083 Μ

169 2119 277 2168 ’Versus
288 2119 374 2165 citatos
391 2130 423 2165 ex
434 2119 515 2177 capit
530 2119 573 2176 Ep.
585 2116 618 2163 ad
632 2118 702 2162 Rom.
719 2117 848 2175 paradoxae
865 2118 974 2178 Peyrerii
988 2120 1097 2179 opinioni
1112 2118 1193 2169 num

139 2189 237 2246 farere,
249 2202 281 2235 ox
295 2188 365 2234 brevi
378 2198 463 2234 eorum
473 2187 628 2246 expositione
640 2187 743 2246 patebit.

170 2259 200 2304 v.
212 2258 242 2303 te
253 2257 293 2302 llit
303 2256 328 2301 S.
340 2256 443 2302 Paulus:
460 2273 473 2295 «ι
485 2254 553 2302 Sicut
564 2268 695 2314 perunum
711 2255 836 2303 bominem
846 2258 974 2317 peceatum
985 2256 1195 2309 inhumanandum

140 2343 155 2369 u
166 2325 280 2383 intravit,
291 2325 317 2370 ot
327 2335 372 2383 per
383 2324 512 2383 peccatum
522 2336 601 2384 mors,
617 2324 687 2372 etita
698 2324 724 2372 iu
736 2337 821 2374 omnes
830 2326 944 2376 homiues
959 2340 1025 2377 mom
1039 2324 1196 2390 pereamust·

139 2413 154 2440 s
164 2408 213 2456 quo
223 2406 308 2441 omnes
318 2394 491 2454 peceaverunt.
501 2411 515 2436 a

169 2465 296 2524 comparat
307 2462 341 2509 ibi
357 2463 387 2508 D.
398 2463 488 2510 Paulus
496 2463 615 2510 adamum
626 2477 682 2512 cum
696 2465 789 2513 Christo
800 2480 832 2513 ex
848 2467 979 2529 appositis,
991 2481 1021 2518 eo
1034 2470 1100 2531 quod
1109 2469 1200 2520 idm

138 2545 266 2595 persuum
278 2530 408 2592 peceatum
418 2544 490 2579 omne
505 2544 582 2593 genus
592 2533 726 2581 humanum
741 2536 848 2584 miseriis
859 2537 1027 2600 immerserat,
1037 2540 1142 2590 Christus
1150 2541 1201 2585 rell>

138 2615 264 2665 persuum
274 2604 378 2650 mortem
388 2601 451 2649 illud
461 2603 519 2650 inde
530 2603 658 2652 eduxerat.
671 2604 761 2653 Sensus
770 2608 853 2654 autem
864 2609 916 2654 est:
929 2625 942 2648 a
953 2608 1203 2667 Quemadmodum*

139 2691 154 2718 u
165 2686 241 2722 unum
252 2671 378 2720 bominem
390 2668 544 2734 (Adamum)
557 2672 588 2720 ob
599 2673 652 2732 eius
662 2673 768 2735 primum
779 2677 922 2735 peceatum,
934 2681 1016 2725 reatus
1027 2681 1104 2741 culpae
1115 2678 1157 2728 toti
1165 2680 1203 2735 Ι*

139 2761 154 2787 a
164 2743 218 2791 neri
229 2744 336 2789 humano
346 2742 540 2790 communicatus
550 2744 596 2802 est,
607 2745 633 2791 ot
643 2757 687 2804 per
697 2744 793 2791 reatum
804 2746 882 2804 culpa
892 2758 965 2806 mors,
976 2761 1020 2795 seu
1031 2751 1113 2797 reatus
1121 2744 1204 2810 ptnffl

138 2829 154 2856 u
164 2813 199 2861 ita
209 2824 294 2860 omnes
304 2812 416 2858 homines
426 2812 508 2858 reatus
515 2823 594 2871 poenae
605 2813 642 2859 rei
654 2813 711 2860 tacti
721 2815 779 2860 sunt
789 2813 815 2860 in
822 2825 871 2861 uno
882 2815 982 2863 bomine
994 2815 1121 2881 (adamo),
1130 2813 1204 2872 iuti*

136 2898 153 2927 s
163 2894 248 2929 omnes
258 2881 370 2928 homines
380 2880 477 2927 reatum
488 2881 566 2939 culpae
576 2883 755 2929 contraxerant.
767 2899 782 2926 »

167 2952 197 2998 v.
209 2953 248 2999 ta.
257 2968 271 2992 a
281 2951 362 3010 Usque
373 2951 405 2997 ad
415 2950 496 3009 legem
507 2951 573 2997 onim
583 2954 711 3009 peceatum
719 2952 807 3000 eratin
815 2953 907 3002 mundo
916 2965 924 3003 a
934 2956 1065 3016 peceatum
1073 2958 1155 3007 auten
1161 2952 1203 3003 ufl

136 3039 151 3065 ι
162 3021 344 3081 imputabatur,
354 3032 410 3067 eum
420 3020 463 3068 lex
473 3031 522 3067 nou
533 3022 605 3068 esset.
618 3038 632 3062 e

166 3090 256 3138 Probat
266 3090 307 3136 bie
317 3088 341 3137 S.
351 3089 440 3137 Paulas
450 3101 549 3137 vorsum
561 3089 742 3151 duodecimum,
753 3092 817 3152 qued
825 3105 909 3141 omnes
921 3093 1032 3143 homines
1042 3094 1069 3143 in
1077 3095 1180 3151 adamo,
1192 3090 1203 3128 θ

136 3170 183 3221 per
192 3160 310 3207 Adaruum
321 3159 358 3206 rei
367 3158 425 3206 laeti
437 3161 502 3207 suut.
515 3159 604 3207 Sensus
615 3162 664 3208 est:
676 3178 689 3201 e
701 3162 760 3208 lt'am
769 3163 800 3207 ab
810 3162 901 3209 tlalamo
911 3165 1028 3223 usquead
1038 3148 1203 3226 tegemeoyff

136 3247 150 3272 a
162 3230 283 3289 homiues,
294 3229 389 3289 peceati
401 3229 531 3276 adamitici
540 3232 611 3276 reatu
621 3231 717 3290 iniecti,
728 3231 754 3277 in
765 3232 860 3277 tarium
870 3235 999 3291 peceatum
1007 3235 1069 3294 lapsi
1077 3230 1203 3297 sanim&

136 3315 151 3342 ι
161 3301 242 3346 eatam
259 3302 342 3344 autem
358 3298 412 3357 lege
429 3298 534 3357 positiva
551 3299 641 3357 scripta
656 3312 705 3346 non
715 3300 882 3361 prohibitum,
897 3300 993 3350 licetin
1009 3315 1037 3352 se
1048 3305 1154 3368 maura,
1164 3301 1203 3349 πθ

135 3385 150 3411 ι
161 3367 328 3427 imputabatur
339 3368 392 3425 lege
403 3367 486 3425 aliqua
496 3366 528 3413 ad
538 3368 649 3415 mortem.
660 3386 674 3409 o

165 3438 196 3483 v.
208 3434 246 3481 lt.
259 3452 272 3475 «ι
284 3434 332 3480 Sed
343 3435 455 3493 regnavit
464 3447 529 3481 mors
539 3434 570 3481 ab
581 3436 671 3483 adamo
681 3450 758 3498 usque
770 3438 800 3488 ad
808 3438 914 3500 llapsen,
926 3438 1001 3488 ollam
1009 3439 1036 3489 iu
1047 3442 1153 3506 eos,qul
1165 3438 1203 3485 ¹¹⁰

135 3522 150 3548 ι
160 3506 325 3565 peccaverunt
335 3502 361 3548 in
371 3502 559 3550 similitudinem
569 3507 776 3564 praevaricationis
786 3507 851 3556 eda.
863 3525 877 3551 a
982 3490 993 3516 ⁶

166 3574 191 3621 S.
202 3574 291 3620 Paulus
309 3569 349 3617 bie
366 3572 486 3618 rationem
503 3572 592 3633 adfert,
610 3588 653 3623 cur
663 3577 695 3623 ab
712 3577 803 3624 Adamo
820 3589 903 3625 omnes
920 3578 1033 3629 homines
1050 3573 1202 3631 monetale

134 3643 225 3691 Sensus
235 3643 272 3690 est
283 3654 289 3688 ε
302 3658 315 3681 a
327 3641 395 3686 Licet
412 3641 512 3699 peccata
528 3654 578 3690 non
595 3644 774 3704 imputarentur
792 3646 824 3695 ad
839 3651 957 3709 mortem,
969 3661 1025 3696 cum
1041 3650 1096 3711 lege
1106 3639 1203 3712 pesiffl

136 3729 150 3755 »
160 3714 250 3773 scripta
260 3711 305 3758 sub
317 3710 359 3757 tali
370 3721 441 3768 parm
451 3722 500 3757 nou
512 3713 709 3773 prohiberentur,
719 3728 803 3764 omues
814 3717 897 3765 umen
907 3718 1019 3767 homiues
1025 3720 1057 3767 ab
1067 3720 1164 3769 Adamo
1176 3716 1203 3759 Ε

136 3796 151 3822 s
161 3795 209 3840 que
219 3781 251 3828 ad
265 3781 344 3840 legem
356 3778 442 3838 ltloysis
457 3781 547 3828 mortui
558 3784 628 3842 sunt,
639 3783 713 3830 etiarn
726 3785 762 3831 illi
774 3785 816 3846 qui
834 3798 882 3833 non
898 3787 1052 3837 violaverant
1067 3784 1202 3837 manmtffl

136 3864 151 3890 ι
162 3849 207 3895 sub
217 3850 303 3896 mortis
313 3860 384 3907 prena
395 3847 500 3907 positive
510 3851 633 3911 obligans,
643 3855 716 3913 prout
725 3855 844 3915 obligarat
854 3855 915 3903 illud
926 3857 1017 3905 Adamo
1028 3858 1122 3907 datum.
1133 3875 1148 3901 ι

166 3916 254 3964 Paulus
263 3918 365 3977 proinde
376 3918 430 3965 vult
438 3918 536 3965 dicere:
548 3933 604 3968 cum
614 3923 689 3968 etiam
700 3924 787 3971 mortui
796 3923 846 3972 sint
856 3924 981 3986 homines,
988 3927 1032 3987 qui
1039 3915 1202 3988 personam·

135 3986 244 4046 peccatis
255 3988 358 4034 mortem
369 3999 417 4034 non
432 3990 585 4052 meruerant,
596 3991 692 4052 oportet
701 3991 756 4041 illos
767 4004 821 4042 reos
837 3993 912 4044 luisse
921 3997 1007 4045 mortis
1016 3996 1043 4045 iu
1052 3996 1138 4046 Adumi
1147 3990 1202 4056 ΡΙ

136 4054 534 4115 cato,quoamortem1neruerat
1132 4054 1143 4070 '
