2708 4846
396 476 582 530 ulououob
600 478 796 532 Sicuonem.
1053 510 1057 519 =
1101 482 1139 535 U

383 617 493 688 sxxvl.
505 647 535 660 -
545 624 582 673 De
593 624 687 673 Libello
698 624 814 687 Repudii.

17 764 21 769 ’
93 772 1132 857 emoojmoysesffleut.mamare«siaccopcrithonooxorem,

64 862 363 933 »etlubueriteam
378 867 409 921 et
421 878 482 921 non
494 861 765 940 inveniatgratiam
776 870 847 924 ante
859 865 962 925 oculos
972 863 1035 941 ejus
1044 882 1135 944 prop-

10 950 13 979 ⁶
63 956 141 1011 ster
150 947 283 1029 aliquam
300 946 467 1010 loeditatem
483 946 593 1023 (hebr.
606 949 766 1009 nuditatem
775 949 838 1027 rei)
852 967 860 1008 τ
874 951 988 1011 scribet
998 950 1136 1011 libellum

64 1036 226 1117 »repudii,
240 1042 275 1097 et
285 1034 371 1097 dabit
381 1034 414 1093 in
424 1051 529 1096 manus
539 1035 638 1107 illius,
652 1042 684 1096 et
695 1035 829 1097 dimittet
841 1053 909 1097 eam
919 1035 959 1096 de
971 1035 1060 1095 domo
1070 1052 1133 1096 sua.
1233 1074 1237 1082 -

64 1119 1136 1202 aCurnqueegressaalterummaritumduxerit‚ctillequoqueoderit
1225 1126 1229 1135 '

61 1226 173 1281 amm,
191 1206 374 1285 dederitque
387 1205 528 1267 libellum
541 1208 679 1287 repudii,
696 1216 728 1270 ct
747 1208 897 1269 dimiserit
912 1207 951 1269 de
964 1208 1053 1268 domo
1065 1223 1135 1280 sua,

61 1296 136 1357 nuel
151 1300 239 1357 certe
252 1301 389 1355 mortuus
409 1292 501 1353 luerit
514 1314 521 1352 :
536 1312 597 1355 non
616 1295 731 1374 poterit
747 1296 831 1373 prior
851 1295 976 1355 maritus
997 1293 1137 1370 recipere

61 1400 153 1445 ream
175 1382 211 1442 in
223 1396 379 1452 uxorem,
402 1381 474 1457 quia
494 1379 609 1460 polluta
622 1387 682 1453 est,
708 1388 740 1441 ct
758 1380 971 1441 abominabilis
990 1378 1069 1440 laeta
1091 1385 1139 1440 est

61 1487 189 1533 scoram
203 1469 347 1533 Domino.
360 1489 378 1527 a
389 1470 481 1529 Juxta
497 1475 612 1530 textum
624 1467 803 1529 hebraeum:
818 1468 1007 1544 «Postquam
1018 1466 1138 1545 polluta
1171 1512 1174 1519 .

59 1566 130 1621 rest
139 1577 149 1619 ι
159 1557 234 1637 quia
244 1556 428 1617 abominatio
438 1562 484 1617 est
493 1573 596 1619 coram
609 1556 750 1618 Domino.
764 1577 781 1614 »

89 1642 151 1703 P'er
161 1638 361 1701 concubitum
372 1655 483 1717 nempe
494 1656 563 1700 cum
577 1637 711 1701 secundo
721 1640 831 1700 marito
845 1639 960 1719 polluta
973 1645 1039 1699 crat
1052 1638 1138 1717 lega·

57 1728 127 1791 liter
143 1724 245 1789 relate
262 1725 302 1787 ad
316 1724 446 1805 primum
462 1726 623 1797 maritum,
642 1726 695 1804 qui
716 1726 800 1786 illam
818 1733 852 1785 ut
869 1744 935 1787 rem
954 1726 1138 1785 immundam

56 1829 245 1877 reassumere
260 1829 325 1873 non
336 1817 466 1891 poterat.
479 1812 666 1872 Abominatio
678 1818 779 1872 autem
792 1818 857 1871 erat
870 1829 932 1872 non
943 1813 1069 1882 mulier,
1083 1811 1139 1872 scd

55 1917 108 1962 res
118 1898 204 1979 ipsa,
220 1914 278 1963 seu
295 1896 391 1970 actio,
402 1913 462 1975 qua
472 1897 522 1958 vir
532 1896 722 1973 repudiatam
739 1903 772 1957 et
790 1895 878 1957 alteri
890 1897 998 1956 marito
1014 1904 1139 1976 nuptam

56 1986 219 2049 mulierem
226 1992 405 2047 resumeret.
416 1984 448 2044 Si
462 1982 551 2043 alteri
559 1989 682 2062 nuptam
694 1983 841 2062 potuisset
849 1997 1047 2054 reassumere,
1057 1983 1140 2045 visus

56 2070 257 2135 mortulam
272 2071 363 2132 alteri
375 2070 582 2140 commodare,
596 2069 678 2147 quod
690 2077 736 2130 cst
748 2069 934 2129 abominatio.
950 2069 1030 2130 Hinc
1042 2069 1140 2148 liquet

55 2158 348 2237 matrimonimnpu
356 2155 496 2217 libellum
506 2155 627 2235 repudii
638 2155 730 2218 luisse
740 2155 870 2217 solutum
877 2156 978 2235 quod
988 2164 1020 2217 et
1028 2157 1139 2219 exinde

55 2252 173 2311 musmo
179 2242 337 2323 quodrrr
347 2261 399 2321 qm
389 2242 564 2303 drmrssam
582 2241 708 2303 duxerat
724 2248 849 2304 vocatur
858 2244 1000 2313 mcmsttms
1018 2244 1139 2321 etquod

55 2334 139 2415 prior
150 2332 280 2395 maritus
299 2329 452 2392 dimissam
469 2328 634 2407 nequidem
647 2334 721 2428 post
743 2336 873 2390 mortem
892 2330 1018 2392 secundi
1037 2329 1139 2391 mariti

55 2433 245 2483 reassumere
260 2422 389 2497 poterat.
410 2415 444 2477 Si
464 2421 566 2475 autem
586 2414 762 2495 conjugium
780 2415 880 2494 quoad
901 2416 1056 2477 vinculum
1077 2435 1139 2477 non

55 2504 317 2576 lnimetaoluuun,
328 2501 494 2580 optandum
503 2501 624 2575 luisset
635 2509 669 2563 ut
678 2501 790 2563 muhor
801 2501 840 2564 ad
853 2503 988 2571 priorem
998 2505 1139 2566 maritum

55 2592 319 2741 ne‘ileliloequtffomodo
331 2659 437 2721 isthaec
449 2676 518 2720 eum
530 2658 668 2721 doctrina
676 2662 791 2739 Moysis
816 2661 913 2738 (Gen.
929 2664 964 2734 a,
977 2663 1029 2739 66)
1043 2664 1081 2725 dc
1090 2621 1156 2726 in··

56 2745 291 2811 dissolubilitatc
301 2742 487 2803 matrimonii
500 2761 507 2799 :
520 2762 536 2798 ιι
547 2743 713 2820 Relinquet
723 2743 815 2803 homo
825 2754 942 2822 patrem
955 2753 986 2805 et
996 2753 1139 2819 matrem,

58 2854 75 2890 ι
87 2838 121 2893 et
130 2828 302 2893 adhaerebit
308 2830 393 2890 orori
403 2845 475 2900 suae,
486 2835 517 2889 et
530 2836 619 2889 eruut
630 2829 689 2890 duo
702 2830 837 2891 incarne
850 2846 919 2903 uua,
932 2852 949 2887 o
957 2849 1026 2892 eum
1037 2835 1140 2896 verbis

57 2914 173 2983 curtsu
184 2916 303 2995 (unuh.
318 2916 363 2985 69,
377 2915 437 2991 6);
452 2935 468 2971 ιι
478 2914 567 2992 Quod
578 2931 651 2995 ergo
661 2916 742 2977 Deus
753 2913 911 2994 conjunxit
921 2917 1011 2977 homo
1022 2936 1140 2983 nense-

59 3002 190 3079 oparet,
198 3014 257 3060 ιιι
268 2997 400 3077 proinde
416 3014 486 3058 cum
495 2998 633 3076 Moysis
623 2999 822 3076 rnsprratrone
830 2999 986 3059 concubam
999 3007 1140 3077 possuntt

97 3082 185 3159 map.
187 3080 412 3141 Matrimonium
422 3078 652 3140 conatammotum
661 3077 719 3155 leqe
726 3080 855 3155 positivo
864 3080 920 3138 Dei
930 3080 1140 3147 indissolubile

60 3165 302 3241 manserem.
317 3166 372 3242 (2,
381 3165 449 3242 eu),
467 3172 500 3226 et
515 3164 614 3225 adbuc
632 3164 743 3224 clarius
760 3180 798 3221 cx
811 3164 914 3222 verbis
926 3161 1041 3224 Christi
1062 3170 1139 3266 apud

57 3252 167 3317 matu.
186 3252 239 3324 69,
258 3252 312 3314 5-6
326 3252 439 3330 liquet,
459 3248 598 3329 hancque
622 3248 921 3310 indissolubilitatem
935 3250 1042 3309 suadet
1061 3253 1140 3313 ratio

58 3335 189 3417 triplicis
198 3333 264 3413 ejm
274 3334 361 3405 finis,
378 3334 575 3412 procreandae
592 3350 703 3413 nempe
717 3349 752 3393 ac
768 3332 933 3392 educandae
943 3333 1036 3411 prolis
1048 3335 1138 3411 (Gen.

59 3424 94 3496 l,
112 3420 182 3500 28),
203 3420 414 3483 diminutionis
434 3423 547 3483 stimuli
564 3424 690 3483 venerei
708 3422 740 3497 (l
757 3422 826 3483 Cor.
849 3420 882 3488 7,
900 3419 958 3496 6),
983 3425 1140 3503 mutuique

58 3506 203 3589 adjutorii
216 3508 312 3585 (Gen.
324 3508 417 3584 218).
431 3510 473 3568 At
482 3509 555 3570 licet
566 3507 738 3586 conjugium
750 3508 820 3585 lege
833 3507 963 3585 positiva
974 3511 1030 3568 Dei
1041 3512 1080 3570 sit
1091 3512 1140 3571 in·

58 3594 255 3667 dissolubile,
268 3602 300 3655 et
312 3595 345 3655 in
363 3593 413 3655 ols
415 3595 495 3655 cium
508 3601 624 3656 naturae
642 3596 682 3655 sit
693 3595 862 3654 institutum
869 3595 1026 3673 ,proximo
1039 3603 1139 3658 tamen

57 3678 158 3743 oritru·
175 3694 215 3742 ex
231 3688 338 3761 porto,
352 3680 434 3759 quod
450 3680 519 3742 duae
533 3697 672 3761 personae
691 3681 804 3741 diversi
823 3698 911 3741 sexus
927 3680 967 3740 ob
984 3682 1139 3759 praelatum

56 3762 282 3837 hemineumt.
292 3764 489 3845 Cumigitur
487 3764 957 3843 societasconfirmatis-soporatur:
969 3772 1047 3824 etea
1054 3786 1139 3846 ‚quac

12 3906 19 3917 .
47 3842 155 3935 pelle
172 3851 350 3935 generatim
373 3854 571 3927 conveniunt,
595 3855 766 3923 contineat,
787 3852 855 3933 jure
877 3871 915 3908 ιι
919 3858 990 3909 turo
1011 3852 1140 3917 societas

39 3938 246 4021 imperas-ia
257 3944 439 4015 essepotest,
446 3948 477 4001 et
488 3939 653 4002 hincsolol
656 3938 704 3999 ils
706 3939 878 4017 upum-oili,
886 3936 995 3998 maliis
1006 3948 1140 4002 contr-ac

46 4012 158 4099 Ἥκω,
180 4020 390 4093 conditiones,
400 4042 431 4085 v.
444 4040 490 4105 gr.
509 4024 676 4097 fidelitatis,
689 4024 950 4104 adponipossent‚
959 4014 1138 4102 quibusnam

57 4068 188 4199 ampliirs
206 4108 409 4173 existentibus
427 4110 651 4197 dbsolterctm.
664 4108 961 4192 Finisgenerationis
975 4128 1011 4175 ac
1028 4112 1139 4176 eduea-
