2708 4846
827 192 852 237 ἡ

142 457 190 507 aaa
432 457 476 503 ne
496 455 615 504 vexvn
634 456 677 502 nr
697 453 941 503 vensiomnn's
978 423 982 429 ’

141 550 313 611 Editionem
334 564 463 628 graecam
480 549 637 628 vulgarem
655 547 754 613 latine,
773 546 907 607 reddita.
925 545 1005 624 Quis
1022 545 1108 607 illius
1127 554 1219 608 auctor

140 638 196 706 sit,
209 642 240 695 et
252 652 310 712 qua
321 635 447 714 praecise
458 640 548 694 aetate
560 633 697 696 coniecta
709 632 797 694 fuerit
808 631 893 692 haud
912 639 1046 694 constat.
1061 632 1097 692 ld
1112 639 1220 692 cerbon

142 730 198 792 est,
212 737 279 780 eam
291 737 358 781 esse
370 719 618 798 antiquissimam,
631 726 664 779 ct
674 719 778 799 primis
790 719 912 780 saeculis
923 735 1024 796 usqne
1036 717 1076 777 ad
1087 717 1220 778 saecnlun

140 808 301 888 septimum
312 807 345 865 in
356 806 501 867 Ecclesiis
513 805 628 866 Latinis
640 805 823 884 generaliter
838 804 1019 864 adhibitam
1032 804 1137 864 inisse.
1148 804 1220 865 hnc

140 901 238 952 torem
249 898 363 952 textum
376 892 455 950 Lxx
468 892 669 968 interpretum
677 889 849 950 litteraliter
861 890 1070 967 expressisse,
1080 889 1179 967 liquet
1187 906 1220 951 ex

140 976 228 1055 hujus
239 977 387 1038 versionis
399 976 584 1054 fragmentis.
595 977 776 1054 Fragmenta
786 974 902 1035 biblica
916 975 951 1034 in
964 976 1082 1036 nostris
1099 973 1220 1037 biissali-

140 1062 199 1126 bus
210 1064 353 1124 Romanis
366 1080 405 1123 ox
417 1061 469 1122 iiia
480 1061 621 1122 versione
633 1060 877 1140 desumptasunt.
1277 1100 1281 1105 -

177 1150 341 1211 Flaminius
360 1149 499 1210 Nobilius
511 1155 657 1226 quotquot
674 1147 840 1227 fragmenta
861 1147 945 1209 illins
966 1148 1114 1227 reperire
1130 1147 1220 1228 potnit

141 1237 282 1317 collegit,
293 1244 324 1298 et
335 1237 452 1314 reliqua
461 1234 545 1313 juxta
557 1235 729 1296 versionem
738 1236 816 1295 Lxx
831 1237 1039 1314 interpretum
1049 1234 1148 1296 latine
1159 1234 1219 1295 rod·

141 1321 236 1395 didit,
248 1322 375 1400 haecque
387 1321 486 1381 versio
498 1320 676 1399 Polyglottis
690 1320 935 1381 Londinensibns
947 1320 1070 1381 inserta
1088 1328 1145 1382 est
1158 1318 1219 1384 Cti-

93 1424 99 1433 ·
140 1407 202 1469 tico
215 1413 315 1467 antem
323 1412 470 1467 earetusu
481 1405 540 1465 nisi
550 1406 583 1464 in
597 1405 749 1485 excerptis
761 1421 800 1465 ex
811 1406 984 1467 Panibus&

153 1520 156 1527 ·
178 1492 255 1554 Cum
264 1493 372 1552 versio
382 1491 470 1562 itala,
482 1507 622 1552 successu
631 1492 776 1570 temporis
784 1491 950 1571 saepissime
958 1491 1217 1571 descripta,qnam

141 1577 270 1657 plurima
286 1576 396 1637 menda
414 1576 626 1647 contraxisset,
637 1578 669 1638 S.
684 1577 888 1655 Hieronymus
906 1577 993 1637 illam
1008 1577 1113 1655 quoad
1133 1580 1218 1638 vetris

142 1665 368 1725 Testamentum
390 1661 520 1721 maxima
545 1669 689 1742 exparte
719 1679 758 1722 ox
782 1663 860 1722 Lxx
890 1664 1121 1742 interpretibus
1142 1663 1217 1742 juxta

141 1749 351 1809 recensionem
375 1746 519 1825 Origenis
539 1748 690 1817 correxit,
707 1763 743 1808 ac
757 1754 862 1825 postea
882 1748 981 1808 vetus
1002 1747 1118 1808 Foedns
1129 1746 1216 1826 quoad

142 1836 302 1896 maximam
312 1838 455 1914 parteme
469 1840 553 1893 textu
562 1834 685 1895 hebraeo
697 1834 792 1895 latine
809 1834 914 1904 vertit,
926 1852 1106 1912 novumque
1119 1833 1217 1894 vedu

140 1922 224 2001 juxta
236 1930 350 1983 textum
360 1937 491 2001 graecum
504 1921 693 1992 emendavit,
708 1939 747 1982 ox
758 1938 818 1999 qno
829 1920 937 1980 ultimo
947 1920 1058 1982 labore
1071 1923 1104 1984 S.
1117 1921 1217 1982 Hiero-

143 2009 229 2086 nymi
241 2007 370 2086 Vulgata
384 2014 484 2067 nostra
495 2005 668 2077 descendit,
679 2014 713 2066 ut
722 2024 792 2066 mox
804 2005 988 2067 videbimus.

179 2092 337 2156 Correctio
356 2092 524 2152 bibliorum
543 2108 696 2152 sacrorum
710 2107 728 2152 a
744 2093 775 2153 S.
789 2092 978 2171 Hieronymo
990 2091 1078 2171 juxta
1093 2091 1216 2169 Hexapia

143 2179 287 2259 origenis
321 2177 421 2249 iacta,
444 2179 477 2237 in
513 2178 616 2238 multis
654 2178 798 2239 Ecclesiis
822 2178 989 2256 antiquitus
1013 2185 1137 2258 recepta
1152 2177 1213 2236 init·

141 2264 321 2325 Psaiterium
353 2265 483 2343 primum
509 2263 547 2323 ab
575 2263 628 2323 ilio
655 2263 784 2333 cursim,
810 2261 1215 2342 utipseiatetur¹,in1ta

143 2349 315 2409 versionem
325 2348 404 2406 Lxx
416 2351 617 2426 interpretum
628 2357 808 2419 correctum,
818 2350 922 2408 Romae
931 2357 1109 2427 susceptum
1118 2350 1179 2417 iiiit,
1190 2355 1217 2408 at

143 2431 216 2492 hinc
227 2432 394 2492 Romanum
407 2431 527 2492 dicitm.
540 2435 647 2496 Postea
657 2450 731 2493 voro
745 2435 948 2511 Hieronymus
968 2435 1049 2496 iliu'd
1061 2436 1217 2497 adtentum

144 2517 347 2596 Hexaplonnn
361 2514 531 2578 adcuratius
553 2519 742 2588 emendavit,
755 2520 907 2580 asteriscis
924 2537 959 2580 ac
981 2521 1085 2582 obelis
1104 2521 1215 2582 additis

144 2603 210 2664 Hoc
231 2601 410 2663 Psaiterium
429 2602 462 2661 in
482 2603 589 2665 Galliis
604 2610 760 2682 receptum
779 2603 849 2677 luit,
868 2614 959 2684 atque
978 2604 1057 2669 hinc
1077 2608 1217 2669 Gaihcuu

144 2689 306 2751 vocitatur.

361 2842 378 2909 s
393 2846 478 2893 xxix.
490 2869 520 2880 -
531 2844 616 2893 versio
627 2845 731 2903 Vulgata
741 2843 873 2904 Utriusque
884 2845 1004 2895 Foederis.

135 2975 139 2988 ²
182 2974 796 3055 ⁰05.S.iiieronymuslinguaehebraicae,
809 2977 1215 3059 grtecaeetlatinaeperitiai·

145 3076 257 3121 musac
274 3062 329 3121 snb
344 3059 435 3122 finem
449 3061 619 3133 vitteetiam
636 3060 749 3121 idioma
760 3061 949 3122 chaldaicum
955 3063 1106 3138 edoctus,
1126 3084 1216 3129 omncs

144 3146 239 3207 libros
245 3149 518 3225 protocanonicose
536 3154 620 3206 textu
632 3145 755 3206 hebraeo
765 3147 858 3207 vertit
868 3146 972 3208 eoline
987 3168 994 3207 :
1007 3170 1025 3206 c
1039 3153 1085 3212 Ut
1096 3153 1217 3222 iudaeis,

146 3251 163 3288 v
177 3232 289 3310 inquit,
303 3233 506 3294 calumniandi
520 3241 551 3292 et
563 3231 712 3292 irridendi
722 3232 909 3294 Christianos
922 3235 963 3294 sit
972 3235 1079 3298 ablata
1091 3240 1218 3307 occasio,

146 3327 267 3397 »utque
284 3319 397 3378 scirent
413 3317 588 3387 Christiani,
604 3316 677 3395 quid
697 3317 840 3378 hebraica
860 3320 974 3381 veritas
989 3324 1169 3386 contineret
1178 3324 1219 3384 ’.ι

177 3454 187 3488 ¹
198 3455 265 3501 iiior.
279 3453 350 3500 Praei.
362 3453 387 3499 in
398 3453 518 3499 'Paulines
528 3476 557 3487 -
567 3449 579 3485 ¹
589 3453 672 3512 Hier,
688 3454 708 3501 t.
722 3451 752 3514 lt,
770 3451 844 3513 opor.
857 3455 908 3501 col.
921 3454 968 3502 62⁷
982 3457 1013 3505 ct
1024 3458 1100 3507 eret.
1116 3461 1145 3508 in
1159 3461 1176 3508 1.
1186 3459 1223 3507 lob

177 3580 336 3628 ‘versionem
346 3580 432 3627 italam
443 3579 523 3638 quoad
534 3591 645 3638 magnam
655 3581 750 3641 partem
765 3580 920 3640 deperditam
933 3595 988 3630 esse
1003 3580 1196 3645 creditnmiuit}
1204 3587 1224 3632 al

75 3690 81 3707 ,
146 3660 202 3709 spes
215 3651 314 3710 ailulgot
328 3662 384 3697 eam
397 3648 528 3708 aliquando
542 3648 885 3710 denuointcgramvidend13
902 3663 960 3697 nam
977 3654 1004 3699 P.
1018 3655 1107 3704 Buriel
1125 3657 1151 3705 S.
1166 3657 1188 3705 1.
1200 3653 1225 3701 ad

146 3717 219 3764 briem
237 3718 320 3766 saean
335 3717 411 3778 clapsi
426 3719 505 3765 Toloti
522 3718 618 3766 detexit
636 3719 696 3767 dnos
714 3719 811 3767 codices
828 3719 938 3779 gothicos
957 3726 1143 3785 manuscriptos
1154 3725 1226 3780 huius.

145 3787 250 3835 solobria
263 3788 392 3835 versionis.
400 3787 520 3835 Caeterum
528 3789 640 3848 tempore
652 3790 723 3836 Lucas
730 3788 870 3848 bingensis,
881 3801 948 3836 anno
960 3791 1022 3839 tola
1030 3792 1160 3856 delnnoti,
1170 3795 1226 3843 evis·

145 3855 214 3902 tebat
229 3856 254 3903 in
272 3857 374 3904 lobath
386 3856 600 3905 bialmundnriensi
616 3857 763 3918 (linimedi)
779 3858 804 3903 in
824 3857 931 3905 ilioecesi
944 3859 1081 3909 Leodiensi
1095 3864 1173 3912 codex
1184 3873 1227 3909 rna-

144 3924 285 3984 nuscriptus
302 3927 411 3973 omnium
430 3926 592 3985 Epistolarnm
608 3927 633 3972 8.
651 3925 719 3972 Pauli
736 3927 859 3973 versionis
877 3927 956 3975 ltalae.
975 3929 1007 3976 b.
1019 3931 1158 3992 martianay
1172 3942 1227 3979 antro

146 3989 207 4037 itio
218 3990 290 4049 huius
300 3994 420 4041 versionis
429 3993 507 4040 edidit
518 3993 593 4041 libros
603 3993 702 4052 ludim,
715 3995 740 4041 et
751 3995 810 4054 lob,
822 4007 850 4041 ao
862 3996 1028 4057 Evangelinm
1040 4000 1067 4048 S.
1079 4002 1199 4059 ltattbai,
1208 4000 1228 4046 cl

145 4058 173 4106 Ρ.
185 4060 329 4120 blanchini,
341 4074 407 4110 anno
419 4062 479 4111 itta
490 4064 573 4111 iloniae
585 4063 664 4111 edivht
674 4064 778 4123 quatum
790 4064 932 4125 Evangelia.
