2716 4838
486 462 765 511 nunnunnurtcn
779 462 904 510 SACRE.
1197 464 1243 513 tta

149 549 259 602 CXLII.
271 547 380 615 Lingua
392 555 421 597 et
433 545 560 598 elocutio
574 543 789 598 Vaticiniorurn
803 543 930 597 Danielis
932 581 1147 601 ........
1185 545 1236 597 261

148 628 272 684 CXLIII.
286 624 480 680 Difficultates
495 626 639 699 generales
648 634 751 679 eontra
768 623 915 679 Danielem
932 641 990 695 qua
1002 632 1154 679 auctorem

186 708 412 780 prophetiarum
417 743 1145 766 .........................
1184 708 1239 762 alia

148 789 222 842 CXI
224 790 272 845 IV.
295 787 487 844 Difficultates
499 788 690 862 particulam
714 786 850 841 adversus
860 805 906 855 sex
926 787 1025 858 priora
1052 787 1149 860 capita

187 870 316 923 Danielis
319 907 1145 938 ............................
1183 867 1240 941 αθζ

149 951 260 1007 CXLV.
275 949 466 1005 Diiiicultates
478 950 669 1024 particulares
684 948 819 1006 adversus
832 948 866 1005 C.
890 947 961 1017 7-C.
983 967 1026 1006 sa.
1039 949 1149 1004 Danie-

186 1034 221 1085 lis
224 1068 1143 1091 ...............................
1182 1030 1238 1088 265

148 1113 270 1170 CXLVI.
281 1115 321 1167 De
336 1114 468 1185 partibus
481 1110 753 1167 eleuteroeanonicis
768 1111 910 1181 Danielis,
922 1119 952 1162 et
966 1112 996 1163 in
1014 1111 1149 1182 particu-

186 1193 240 1245 lari
255 1193 289 1246 de
307 1192 416 1264 hymno
435 1197 524 1247 trium
535 1209 694 1264 puerorum
713 1191 746 1243 in
763 1190 882 1245 fornace
898 1189 1017 1244 ardente
1019 1229 1145 1251 .....
1183 1197 1239 1265 2⁶7

148 1273 282 1330 CXLVII.
302 1275 344 1326 De
363 1273 486 1327 historia
504 1285 587 1327 castae
603 1275 749 1330 sosanna.
777 1310 1144 1331 .............
1182 1276 1237 1332 aas

149 1355 296 1413 CXLVIII.
319 1355 511 1409 Difficultates
530 1354 666 1408 adversm
685 1354 840 1408 historiam
862 1353 975 1423 Beliet
992 1353 1144 1414 Draconis.
1182 1374 1238 1432 ayo

147 1438 190 1489 De
217 1438 366 1491 Duodecim
385 1437 528 1507 Prophetis
551 1436 715 1490 Minoribus.
739 1464 771 1476 -
789 1434 833 1489 De
853 1431 1002 1502 Prophetiu
1017 1433 1090 1491 Osee.
1111 1463 1144 1477 -

146 1518 268 1573 CXLIX.
283 1517 364 1574 Osee.
384 1517 493 1586 Lingua
513 1525 542 1569 et
559 1525 623 1569 atas
639 1516 700 1585 ejus
717 1513 932 1567 vaticiniorum
934 1547 1142 1573 ........
1180 1516 1237 1591 273

146 1599 203 1651 CL.
216 1598 425 1664 Argumentum
438 1604 467 1648 et
478 1596 569 1666 stylus
582 1595 807 1666 Prophetiamm
819 1595 890 1650 Osee
894 1632 1141 1654 .........
1164 1600 1234 1656 attia.

146 1677 216 1733 CLI.
231 1675 423 1730 Difficultates
441 1675 659 1729 Vaticiniorum
674 1674 745 1727 Osee
748 1712 1144 1735 ..............
1182 1679 1236 1751 274

146 1762 189 1812 Da
207 1760 356 1827 Proplselia
374 1757 443 1812 Jou.
464 1786 496 1798 -
510 1753 594 1813 CLII.
616 1753 693 1809 Joal.
710 1755 819 1825 Lingua
837 1762 866 1807 et
882 1762 947 1806 atas
960 1754 1022 1824 ejus
1037 1753 1153 1809 vatici-

184 1844 301 1894 niorum
304 1872 1143 1900 .............................
1168 1840 1234 1898 itta.

146 1921 240 1977 CLIII.
258 1926 468 1992 Argumentum
481 1929 510 1973 et
519 1917 611 1990 stylus
622 1915 848 1987 prophetiarum
861 1915 951 1969 Joelis
953 1954 1142 1976 .......
1165 1921 1233 1979 taio.

146 2004 188 2055 De
207 2004 355 2072 Prophetia
372 2002 471 2057 Amos.
486 2030 519 2042 -
534 1998 630 2055 CLIV.
642 1999 743 2053 Amos.
757 1997 867 2069 Lingua
887 2004 916 2049 et
929 2004 994 2048 atas
1007 1996 1069 2068 ejus
1082 1997 1144 2052 va-

184 2086 353 2140 ticiniorum
356 2116 1139 2143 ...........................
1177 2083 1232 2153 275

146 2163 228 2222 CLV.
244 2169 453 2235 Argumentum
468 2173 496 2217 et
511 2163 604 2233 stylus
614 2160 829 2214 vaticiniorum
843 2158 941 2211 Amasi
946 2196 1135 2218 .......
1163 2162 1230 2220 ibid.

144 2245 187 2298 De
196 2247 345 2314 Propitetia
354 2248 461 2299 Abds’ar.
474 2273 507 2286 -
522 2242 618 2298 CLVI.
639 2240 755 2297 Abdias.
769 2239 894 2311 Lingua,
915 2248 998 2306 aetas,
1008 2245 1038 2291 et
1051 2256 1142 2312 argu-

181 2337 311 2380 mentum
336 2325 560 2398 prophetiarum
576 2323 676 2377 Abdiae
678 2356 1139 2381 ................
1163 2325 1231 2382 ibim

143 2406 186 2457 De
196 2407 344 2475 Propheiia
354 2406 447 2462 Jonas.
463 2434 495 2446 -
511 2403 619 2460 CLVII.
629 2403 729 2460 Jonas.
742 2401 851 2474 Lingua
863 2409 894 2454 et
906 2410 973 2455 atas
987 2400 1049 2472 ejus
1058 2400 1138 2460 lihri.
1176 2408 1233 2478 ²7⁶

143 2486 265 2545 CLVIII.
277 2487 488 2559 Argumentum
506 2485 574 2539 libri
591 2487 672 2538 Jonas
676 2520 1137 2543 ................
1163 2489 1230 2544 ibid.

143 2566 238 2625 CLIX.
253 2568 446 2622 Difficultates
463 2565 533 2619 llbrl
546 2566 627 2618 Jonae
631 2600 1136 2623 ..................
1164 2570 1229 2626 ibid!

142 2647 342 2712 DeProphetia
362 2645 496 2697 Mialtaroe.
509 2672 541 2684 -
561 2642 643 2698 CLX
657 2642 801 2700 Micheas.
812 2643 940 2713 Lingua,
947 2651 1030 2711 atas,
1050 2660 1138 2717 argu-

178 2735 306 2778 mentum
317 2734 346 2778 et
354 2723 479 2794 stylus
454 2742 516 2793 eyus
527 2723 740 2776 vaticiniorum
742 2758 1137 2783 ..............
1174 2745 1232 2811 ²79

140 2809 184 2860 De
201 2808 348 2875 Prophetia
360 2806 538 2862 Nahum-
554 2804 648 2860 CLXI.
663 2804 790 2860 Nahum.
813 2804 938 2875 Lingua,
951 2811 1017 2856 atas
1025 2821 1139 2876 ,argn-

178 2897 319 2955 mentum,
332 2897 362 2942 et
373 2887 464 2957 stylus
473 2885 721 2939 vaticiniorum
697 2901 759 2955 eyus
764 2922 1131 2944 .............
1160 2890 1228 2951 thav,-
1240 2930 1247 2954 ,

140 2971 182 3023 De
195 2971 344 3036 Proplutia
365 2969 512 3022 Habaeue.
526 2965 634 3023 CLXII
653 2966 734 3019 AEtas
740 2965 876 3039 ,lingua,
891 2974 1093 3038 argumentum
1107 2977 1138 3022 et

177 3051 299 3121 stylus
275 3069 337 3120 eyos
346 3049 560 3103 vaticiniorum
564 3084 1134 3108 ....................
1171 3054 1228 3111 280

138 3133 340 3201 DePropiteita
359 3129 701 3201 Soptanm.-c1.xlll.
717 3127 891 3200 sophonias
909 3130 989 3185 AEtas
998 3102 1134 3202 dingen,

175 3221 376 3283 argumentum
389 3221 419 3265 et
435 3212 562 3284 stylus'
538 3229 599 3281 eyus
613 3210 826 3263 vaticiniorum
830 3248 1131 3272 ...........
1158 3217 1225 3281 ihu,

138 3293 181 3345 De
193 3293 340 3360 Propheta
358 3293 464 3360 Aggoei.
480 3323 512 3335 -
529 3291 649 3350 CLXIV
663 3295 788 3365 Aggasus.
808 3293 905 3361 AEtas,
926 3292 1134 3367 liugua,argu-

138 3383 276 3425 mentum
285 3384 313 3427 et
330 3375 422 3444 stylus
439 3376 500 3444 ejus
517 3373 729 3427 vaticiniorum
735 3412 1129 3436 ..............
1156 3380 1224 3443 ι’ὀίᾰ,

136 3454 180 3510 Dc
191 3452 347 3547 ,Daphatia
365 3456 526 3512 Zachariae.
542 3485 574 3500 -··
588 3455 697 3512 CLXV.
717 3454 880 3513 Zacharias.
892 3457 972 3510 AEtas
988 3465 1018 3511 et
1034 3457 1131 3531 lingua

173 3534 234 3603 ejus
252 3534 465 3588 Vaticiniorum
468 3575 1128 3601 .......................
1166 3544 1225 3600 28,

137 3615 257 3676 CLXVI.
276 3615 486 3683 Argumentum
500 3625 529 3669 et
545 3617 637 3689 stylus
657 3617 864 3671 vaticiniorum
884 3618 1073 3681 Zachariae..
1063 3660 1130 3682 ...
1167 3627 1226 3687 asa

135 3695 178 3747 Dc
198 3696 345 3762 Propisetia
357 3695 520 3750 Malacinos.
532 3724 566 3741 ·-
578 3695 713 3752 CLXVII.
727 3697 894 3757 Malachias.
907 3701 989 3755 AEtas
997 3701 1129 3778 ,lingna,

171 3785 371 3847 argumentum
385 3787 414 3830 et
426 3777 555 3849 stylus
531 3795 592 3847 eyua
606 3779 818 3832 vaticiniorum
821 3820 1124 3845 ...........
1152 3791 1225 3853 ίιιη·ι

133 3857 241 3909 Daiei
255 3857 292 3909 Π
304 3858 385 3910 Libro
404 3858 641 3912 nortmanorum.
662 3890 694 3901 -
708 3859 855 3918 CLXVIII.
874 3861 987 3917 Nomen
1010 3866 1129 3920 Macha-

171 3937 309 3994 haeorum.
320 3935 461 3993 Auctores
471 3949 499 3993 et
514 3939 585 3992 libri
596 3941 840 4000 Machabaeorum..
851 3943 961 3997 Eorum
970 3945 1078 4018 Lingua
1097 3958 1126 4001 et

133 4030 919 4175 nitiamaminirosunum
938 4066 947 4162 :
966 4067 977 4164 ·.
996 4065 1006 4165 ·.
1026 4067 1033 4167 ;
1055 4071 1063 4168 ;
1085 4068 1121 4170 ῑῑ
1160 4028 1224 4184 :lt
