2708 4846
139 500 185 554 586
549 500 594 548 Dii
615 496 824 548 turnemio

178 599 251 656 iiaec
264 612 332 655 eum
346 595 456 655 Messia
469 594 583 672 optime
592 593 748 653 cohaerere
762 608 801 651 ex
811 590 897 651 bisce
910 588 1114 668 intelligitur:
1126 587 1212 651 Achai

138 699 195 742 rex
211 680 314 750 Judae,
328 683 392 741 Deo
409 679 537 750 diffisus,
552 678 718 739 verebatur
735 694 775 736 ne
787 693 858 736 cum
871 682 935 735 totu
950 675 1069 735 familia
1091 674 1174 753 regia
1189 676 1213 736 in

138 765 198 826 hoc
217 765 299 824 beiio
324 766 502 843 gravissimo
524 764 639 842 periret
645 781 654 834 ;
672 766 763 822 isaias
781 761 876 840 igitur
892 761 980 841 ponit
997 760 1046 819 illi
1062 761 1097 821 in
1112 762 1215 842 signun

136 851 283 933 proximo
297 850 490 910 liberationis
510 849 666 927 aregibus
681 847 815 908 inimicis
833 847 940 908 ambos
956 865 1028 908 suos
1040 844 1138 919 filios,
1155 850 1218 909 etin'

136 938 275 1017 signum,
289 955 348 1015 quo
363 937 480 1015 regiam
493 935 637 996 familiam
650 951 713 994 non
726 933 880 993 dumtaxat
889 933 929 993 de
938 950 993 994 sua
1000 935 1162 1014 praesenti,
1174 935 1216 994 sed

138 1025 225 1085 etde
241 1024 339 1083 futura
358 1023 520 1083 existentia
534 1021 697 1082 certiorem
709 1020 870 1089 redderet,
888 1019 931 1080 ait
950 1038 959 1080 a
978 1021 1108 1090 Audite,
1121 1021 1216 1080 Βοηω

137 1111 251 1181 Dauid,
267 1117 383 1170 tantum
396 1110 483 1169 abest
499 1116 533 1168 ut
553 1108 644 1168 modo
657 1107 794 1185 peritura
814 1107 870 1178 sie,
888 1114 921 1167 ut
937 1107 1033 1166 immo
1053 1123 1093 1165 ex
1111 1106 1217 1184 virgine

137 1203 199 1257 tuae
215 1195 318 1275 stirpis
331 1195 499 1257 nasciturus
514 1194 554 1255 sit
571 1194 636 1272 ipse
650 1193 792 1264 Messias,
807 1193 1001 1264 Emmanuel,
1016 1210 1075 1253 seu
1085 1192 1218 1252 nouem

137 1284 228 1345 hess.
249 1285 372 1351 Summa
392 1281 536 1358 equidem
558 1280 637 1340 maia
650 1278 708 1338 tibi
723 1279 900 1349 imminent,
915 1277 1049 1356 eoquod
1070 1277 1171 1338 Achai
1187 1277 1218 1337 ab

137 1367 315 1429 infidelibus
333 1367 467 1444 Assyriis
488 1366 590 1445 potius
608 1382 699 1443 quem
714 1381 732 1424 a
751 1366 817 1424 Deo
834 1364 979 1424 auxilium
991 1364 1087 1442 petiit
1093 1383 1102 1434 ;
1125 1371 1155 1424 at
1168 1380 1217 1423 noo

134 1452 270 1530 peribis,
283 1468 321 1510 ex
333 1452 392 1510 tuis
404 1451 534 1528 posteris
543 1450 829 1510 nasceturbiessias.
842 1449 969 1526 Signum
978 1448 1078 1527 igitur
1086 1448 1218 1527 proxime

137 1537 332 1599 liberationis
351 1554 369 1598 a
386 1538 513 1616 regibus
525 1537 619 1597 ilasin
638 1544 670 1596 et
686 1535 806 1596 Phacee
820 1536 941 1595 luerunt
955 1535 1048 1595 ambo
1062 1534 1121 1595 iiiii
1134 1538 1217 1604 isaie,

137 1629 170 1684 et
181 1623 302 1703 signum
314 1623 397 1701 quod
407 1624 494 1702 regia
506 1623 621 1684 tamilla
632 1639 694 1682 non
710 1621 872 1681 interitura
885 1627 966 1682 essm
980 1621 1042 1681 fuit
1053 1621 1218 1682 Emmanuel

137 1725 194 1769 eeu
209 1710 346 1770 Messias.
359 1711 398 1769 Et
419 1727 458 1770 en
472 1707 622 1786 quomodo
641 1708 768 1786 singulte
787 1715 888 1786 partes
904 1706 994 1785 hujus
1015 1709 1156 1769 vaticinii
1169 1708 1217 1769 sibi

138 1795 327 1868 cohaereant,
340 1797 427 1875 cuius
439 1796 564 1875 phrases
576 1793 653 1854 iorte
667 1796 758 1856 isaias
766 1811 828 1854 non
842 1793 952 1854 eodem
963 1793 1078 1854 ordine
1092 1794 1217 1874 protulit,

138 1899 198 1959 quo
211 1882 278 1943 ilias
289 1882 480 1962 conseripsit(

136 2020 154 2090 8
167 2025 307 2074 mlxxiii.
315 2047 345 2059 -·
355 2023 540 2074 ostentatione
551 2022 640 2140 Chrffii
654 2023 680 2139 igi
692 2023 789 2139 ieiim
800 2022 887 2072 itatth.
897 2020 927 2082 q,
939 2023 1009 2070 l·ll.
1020 2023 1099 2071 liare.
1110 2023 1138 2084 l,
1147 1980 1218 2070 ti-it

615 2106 647 2141 ue
674 2125 681 2153 ,
708 2117 721 2127 -
755 2124 763 2139 .

174 2217 246 2273 ero.
260 2215 372 2276 Deisiae
382 2214 707 2278 tentationem'Christi
716 2215 749 2274 in
759 2215 880 2275 deserte
892 2214 1075 2292 explodunt,
1086 2216 1219 2292 aiuntque

139 2299 170 2360 l⁰
187 2299 358 2376 hujusmodi
380 2302 578 2360 tentationem
595 2301 758 2361 divinitate
776 2300 890 2361 Christi
903 2301 998 2362 tuisse
1012 2301 1182 2381 indignam,
1194 2307 1221 2358 et

136 2384 169 2445 Υ
181 2384 364 2444 incredibile
378 2401 444 2444 esse
456 2385 610 2448 Christum
626 2403 644 2446 a
659 2387 789 2447 Diaboio
806 2395 958 2466 portatum
977 2387 1077 2449 tuisse
1100 2388 1135 2448 in
1148 2404 1220 2448 emr-

137 2471 275 2530 mitatem
287 2470 409 2549 tempii,
423 2487 458 2531 ae
469 2470 501 2528 in
514 2472 663 2531 verticem
674 2474 796 2536 montis.

174 2557 290 2617 verum
304 2556 334 2614 i⁰
346 2555 459 2620 Christi
472 2555 635 2618 divinitate
648 2575 710 2618 non
722 2559 819 2638 magis
832 2556 960 2636 indigna
972 2557 1033 2617 fuit
1049 2557 1120 2620 haec
1135 2563 1219 2618 tentr-

137 2643 196 2713 tio,
210 2661 300 2720 quern
309 2643 493 2713 incarnatio,
506 2644 606 2722 passio
620 2662 655 2705 ae
666 2663 748 2706 mors
760 2643 1065 2724 ignominiosissima.

173 2728 206 2788 2⁰
220 2727 303 2789 Olim
325 2728 469 2806 equidem
489 2729 577 2789 multi
601 2732 786 2809 interpretes
804 2747 873 2791 cum
891 2729 923 2788 S.
943 2728 1101 2807 Gregorio
1121 2743 1218 2806 magno

137 2815 347 2876 existimaremt
359 2815 512 2879 Christum
523 2817 679 2877 ahiabolo
698 2834 754 2896 per
770 2833 874 2877 aerem
890 2823 1047 2894 portatum
1059 2816 1152 2876 tuisse
1160 2834 1169 2884 ;
1181 2820 1219 2873 ost

136 2900 204 2961 haec
216 2901 367 2961 sententia
384 2902 490 2962 solidis
507 2903 685 2963 destituitur
697 2904 883 2972 rationibus,
895 2909 927 2961 et
940 2903 974 2960 in
991 2902 1150 2982 Scriptura
1160 2901 1219 2960 iun·

136 2984 309 3044 dementum
323 2994 440 3046 certum
451 2987 627 3048 nonhabet.
642 2989 800 3049 hiatthaeus
811 2989 840 3051 lt,
854 2987 883 3057 h,
900 2986 1048 3065 equidem
1061 2988 1125 3048 ait:
1139 3007 1154 3042 ι
1166 2985 1218 3045 As-

138 3089 155 3125 »
167 3071 293 3150 sumpsit
309 3088 379 3131 eum
397 3072 535 3134 diabolus
547 3074 579 3133 in
596 3083 730 3135 sanctam
741 3075 897 3134 civitatem
903 3092 911 3143 ;
925 3080 998 3133 »ast
1009 3074 1039 3133 si
1055 3070 1218 3149 Lucas,qni

137 3157 276 3217 eamdem
291 3156 449 3219 historiam
464 3161 528 3220 tuse
542 3162 651 3230 reteri,
665 3169 856 3241 comparetur
874 3179 942 3222 cum
963 3161 1131 3231 Metthaeo,
1143 3161 1217 3238 siqut

137 3243 304 3303 attenditur
311 3244 385 3321 quid
396 3246 555 3308 blatthaeus
564 3247 596 3307 in
606 3248 682 3307 iocis
694 3248 847 3327 parallelis
858 3264 914 3326 per
923 3248 1055 3308 Assteeo
1063 3245 1215 3325 intelliget

136 3326 233 3404 liquet
254 3328 408 3390 Christum
429 3348 447 3391 a
466 3332 596 3391 Diahoio
616 3350 679 3392 non
696 3340 867 3412 portatum,
886 3330 941 3391 sed
965 3331 1156 3394 conductum
1172 3345 1216 3390 seu

136 3417 311 3477 connitatum
323 3417 425 3478 luisse.
441 3420 509 3478 Jam
520 3437 595 3480 vero
606 3421 703 3483 Lucus
714 3421 744 3490 i,
760 3420 789 3490 d,
802 3421 884 3481 clare
895 3419 938 3479 ait
950 3438 957 3476 :
970 3439 987 3474 u
999 3407 1215 3489 iitrxittv'eeui

137 3520 153 3556 n
169 3502 254 3563 illrun
278 3502 416 3564 diabolus
431 3507 463 3563 in
479 3514 614 3566 montem
628 3507 794 3577 excelsum,
810 3528 824 3563 o
842 3515 873 3567 et
891 3524 921 3566 v.
939 3505 959 3566 9
974 3525 990 3562 u
1004 3505 1097 3568 duxit
1112 3506 1216 3579 (emt

138 3607 153 3643 a
167 3586 252 3646 illurn
266 3587 298 3646 in
312 3590 492 3649 ierusalem.
506 3612 522 3646 s

172 3671 263 3748 Quod
276 3690 349 3733 rero
358 3675 517 3735 Matthaeus
529 3678 557 3747 it,
570 3677 660 3756 {iper
673 3679 849 3757 amtrrnpsit(
860 3679 1030 3751 secularisve
1043 3681 1056 3750 )
1074 3681 1217 3759 intelligit

138 3753 322 3836 duritpatet
336 3776 374 3818 ex
386 3757 449 3835 ejus
461 3780 488 3821 c.
503 3761 549 3832 i7,
567 3764 593 3833 i,
607 3764 660 3822 uhi
673 3783 780 3825 vocem
793 3767 881 3826 istam
900 3767 943 3825 ita
952 3763 1217 3828 sumitates-‚mn

139 3862 155 3899 a
167 3853 353 3920 (παραλαμεαπι
362 3853 385 3922 ).
400 3848 509 3925 inquit,
520 3851 609 3910 Jesus
620 3852 751 3922 Petrum,
764 3861 795 3911 et
806 3853 958 3912 iacobum
969 3854 1217 3915 esroannsmea

139 3948 156 3984 n
169 3937 246 3991 trem
259 3932 338 4010 ejus,
353 3941 385 3994 et
396 3934 480 3995 ducit
492 3936 562 3995 iilos
574 3937 607 3995 in
625 3946 760 3995 montem
773 3940 926 3999 excelsum
937 3956 1096 4010 seorsum3
1114 3963 1130 3996 s
1140 3957 1166 4000 c.
1176 3936 1215 4003 io.

139 4013 193 4075 li:
211 4038 226 4074 u
244 4021 422 4081 decendens
444 4025 533 4084 Jesm
556 4024 791 4102 ierosolymam,
811 4028 969 4107 assumpsit
987 4029 1119 4102 (metet.
1131 4032 1144 4097 )
1155 4027 1217 4088 duo

140 4099 268 4163 »decim
285 4104 448 4182 discipulos
469 4115 603 4180 secret0;
622 4131 638 4167 u
658 4127 685 4170 c.
702 4109 756 4182 tt,
772 4110 811 4172 to
826 4131 834 4171 z
852 4133 868 4169 u
886 4114 973 4175 Unus
991 4119 1217 4184 ammnmartss
