2716 4838
420 484 604 534 hruuouuut
622 484 818 537 sacuouuil.
1113 491 1156 541 501

65 584 159 647 (lunt
172 581 399 645 comumnes
415 582 448 642 ln
464 582 522 643 huo
535 582 665 662 epistola
677 583 781 644 dicat:
794 584 878 664 Qvod
891 585 1068 656 medicinas,
1080 589 1159 666 prou

67 670 221 731 oum..
239 668 445 728 muntium
456 668 553 737 solis,
567 676 644 739 etc„
657 669 743 729 aiunt
754 668 836 731 hunc
847 670 1007 751 prologum
1019 671 1157 734 indicare

69 754 231 816 historiam
253 754 344 821 lesu,
355 770 423 831 quae
442 754 474 813 in
486 752 544 813 hac
565 754 692 832 epistola
705 771 766 813 non
779 754 941 833 reperitur.
957 758 1158 819 Astoommu-

69 840 154 901 niter
173 838 312 901 creditur
323 838 403 899 hanc
423 838 583 918 epistolam
603 839 747 917 scriptam
767 855 837 913 esse
857 840 987 920 Ephesi,
1002 848 1036 903 ut
1054 842 1157 903 Evan-

109 926 198 987 lium.

71 942 227 1095 8⁰Lingua
239 1012 405 1092 origmaria
416 1009 505 1089 huius
515 1012 675 1092 Evangelii
689 1013 848 1093 estlingua
859 1031 969 1095 graeca.

105 1104 225 1183 scopus
246 1100 375 1161 loannis
395 1099 428 1158 in
448 1116 504 1160 suo
517 1101 683 1179 Evangelio
695 1108 742 1161 est
754 1120 764 1159 z
778 1101 809 1161 l⁰
821 1102 952 1180 probare
962 1102 1157 1169 divinitatem

70 1190 144 1251 iesu
160 1186 328 1255 Nazareni,
340 1191 376 1245 ut
392 1184 547 1264 colligitur
568 1194 632 1245 tum
654 1203 692 1246 ex
710 1204 738 1246 o.
761 1186 815 1259 20,
831 1186 866 1247 tl
876 1231 885 1258 ‚
897 1187 953 1249 uhi
969 1187 1013 1249 ait
1027 1207 1036 1245 ι
1050 1210 1069 1247 e
1080 1192 1157 1253 flac

73 1280 204 1335 »autem
222 1272 335 1349 scripta
353 1276 440 1339 sunt,
462 1277 497 1329 ut
513 1270 660 1340 credatis,
677 1273 748 1348 quia
760 1273 851 1333 Jesus
863 1280 911 1333 est
927 1272 1064 1339 cuneum
1076 1273 1156 1339 filius

74 1362 175 1431 silei,
192 1366 225 1421 et
241 1364 275 1419 ut
291 1356 452 1419 credentes
468 1357 562 1417 vitam
576 1358 714 1418 habeatis
732 1359 765 1418 in
777 1361 903 1421 nomine
915 1358 994 1437 ejm;
1010 1369 1104 1421 »tum
1116 1380 1156 1427 ex

73 1444 256 1519 ciffi-583
269 1442 376 1515 tuom
389 1442 1154 1519 ll,l,2'1;l2‚ih-iii,tumextestimoniislrenaei.

71 1532 239 1599 Clementis
248 1530 354 1602 Alen,
366 1529 519 1607 origenis,
533 1529 674 1599 humbli,
689 1529 848 1591 Athanasii
858 1546 895 1591 ac
907 1532 1098 1611 Hieronymi.

102 1618 135 1681 1·
147 1616 257 1679 Voluit
268 1618 404 1675 loannes
415 1614 556 1693 supplere
569 1614 734 1692 Evangelia
745 1615 897 1685 Humi,
907 1617 1002 1678 Marci
1012 1627 1043 1678 et
1053 1620 1153 1689 Luca,

72 1714 102 1767 ut
117 1722 160 1767 en
171 1702 318 1771 Emehlo,
331 1701 519 1776 Hieronymo
528 1699 549 1771 ¹,
562 1705 595 1759 et
606 1714 646 1758 ex
661 1699 825 1761 collatione
837 1698 902 1777 ey'tn
911 1702 1070 1782 Evangelii
1082 1723 1155 1766 eum

71 1787 421 1873 choaspe-eaedentibus
431 1786 539 1864 liquet.

100 1932 118 2003 ς
130 1934 200 1985 exc.
211 1954 243 1969 -
251 1928 404 1992 comparatio
414 1926 542 1989 Evangelii
553 1925 655 2045 Ιῖιιιιιέιὲι
663 1939 720 1975 cnm
730 1925 869 1988 Evangellis
878 1924 1001 1988 Mathai,
1010 1928 1085 1979 liurel
1096 1930 1124 1980 et

100 2112 177 2173 tou.
193 2108 229 2171 si
240 2096 431 2187 comparatur
442 2103 642 2185 Evangelium
654 2102 783 2165 Joannis
795 2120 864 2164 cum
875 2103 1051 2183 Evangeliis
1060 2107 1152 2167 trium

68 2199 198 2261 aliorum
208 2192 485 2273 Evangelistarum,
505 2197 604 2270 patet,
623 2191 775 2249 loannem
793 2188 897 2269 paucis
913 2190 1000 2252 iactis
1017 2194 1153 2273 exceptis

68 2282 127 2343 alia
138 2284 260 2341 utnota
269 2290 459 2355 supponere,
473 2270 733 2351 etquamplurima
745 2287 824 2331 nova
836 2270 914 2331 iacta
925 2272 1047 2335 etdicta
1058 2274 1150 2346 Jesu,

66 2380 232 2445 remque
242 2360 384 2439 adjuncta
392 2359 525 2429 reterre,
539 2366 573 2417 ut
581 2358 738 2419 historiam
746 2357 828 2417 initii
841 2357 1068 2437 praedicationis
1076 2361 1152 2421 Jesu

66 2470 162 2533 mque
180 2448 223 2513 ad
244 2445 453 2526 captivitatem
468 2444 596 2505 loannis
613 2444 772 2524 Baptistae,
791 2444 890 2505 varias
909 2444 1151 2509 circumstantias

65 2535 231 2619 pusionis,
245 2532 350 2593 mortis
369 2538 402 2591 et
422 2531 653 2591 resurrectionis
666 2531 751 2589 Jesu.
765 2530 850 2589 lnter
861 2528 921 2589 alia
933 2529 1056 2591 silentio
1070 2548 1151 2610 prm-

65 2626 137 2687 terit
156 2620 378 2703 proimsionem
398 2615 567 2677 divinitatis
584 2617 658 2674 Jesu
674 2630 692 2673 a
710 2613 861 2672 daemonio
879 2614 911 2671 iu
924 2630 1078 2694 synagoga
1091 2616 1151 2677 Ca·

121 2724 250 2776 manui,
264 2711 296 2765 et
307 2719 325 2762 a
338 2701 527 2762 doemonibus
546 2699 683 2777 regionis
703 2698 926 2757 Gerasenorum
940 2706 1103 2770 extortam,
1118 2709 1150 2761 ct

64 2796 110 2857 oni
125 2796 195 2875 ipse
208 2788 387 2851 interfuerat
399 2784 412 2863 (
422 2784 530 2846 lllatth.
542 2784 572 2853 8,
586 2782 640 2852 29;
655 2784 749 2841 Maro.
765 2781 797 2852 l,
811 2780 865 2851 293
878 2782 908 2851 u,
919 2782 952 2853 7,
965 2782 1016 2852 573
1030 2785 1106 2846 Luc.
1118 2786 1148 2856 8,

63 2880 114 2955 Β,
134 2878 215 2956 hl),
236 2882 341 2937 notam
359 2870 503 2951 supponit
522 2867 832 2946 Transfigurationeru
850 2870 942 2939 Jesu,
964 2868 1014 2931 cui
1035 2870 1146 2948 pariter

62 2982 200 3051 praem
217 2964 315 3024 iuerat
334 2957 460 3039 (Hatth.
484 2956 531 3027 li,
550 2957 582 3027 l;
602 2954 712 3025 Lucil,
726 2952 803 3029 28),
816 2952 939 3015 silentio
950 2954 1145 3037 premithap·

62 3057 153 3117 uma
175 3048 306 3119 christi,
329 3045 395 3125 ejus
419 3044 625 3105 testimonium
649 3056 752 3101 eoram
771 3039 905 3119 Caipha,
927 3042 1149 3105 contessionem

62 3140 161 3211 lami,
174 3134 408 3219 praedictionem
427 3133 504 3191 Jesu
522 3129 562 3191 de
584 3127 672 3187 ruina
692 3125 927 3203 iherosolym,
946 3143 1013 3203 qum
1027 3129 1148 3203 quando

62 3220 188 3303 ars-ipsit
205 3219 340 3277 loannes
349 3213 412 3291 iam
424 3211 589 3291 adimpleta
602 3217 682 3279 erat,
697 3216 774 3277 eto„
787 3207 861 3267 licet
873 3206 940 3267 haec
953 3207 991 3267 ael
1004 3206 1069 3286 ojus
1080 3228 1149 3271 sco·

62 3320 135 3385 p·
155 3298 308 3379 inprimis
328 3296 517 3357 serviisscnt.
538 3296 582 3355 Ex
604 3308 665 3369 quo
686 3290 797 3367 liquet,
818 3290 969 3351 Joanncm
989 3297 1051 3351 tres
1072 3291 1150 3355 alios

62 3386 274 3469 Bugelistas
288 3380 430 3461 supplere
447 3380 590 3443 voluisse.
610 3375 876 3457 Scripsitproinde
886 3376 1149 3457 postipsosioan·

62 3468 438 3546 sumumlivangelium.

81 3562 158 3627 Pro
179 3556 482 3633 concordiaquatnor
493 3550 755 3631 Evangelistarum
766 3549 925 3611 llattlraeus
935 3564 973 3610 en
984 3552 1099 3615 hiereo.
1112 3548 1147 3613 hi

62 3646 154 3713 ubo
165 3662 206 3707 ox
218 3644 315 3712 Lusca,
330 3649 362 3702 et
374 3657 480 3700 omnes
490 3646 551 3699 tres
564 3655 603 3699 ex
614 3640 734 3697 Joanne
746 3636 908 3716 supplendi
921 3643 1001 3698 sunt.

348 3780 365 3847 s
379 3780 456 3830 oxon.
465 3776 664 3828 -niueuuto
674 3778 744 3825 ann.
755 3776 785 3836 s,
794 3775 863 3825 a-ra.

76 3910 171 3975 M·
194 3908 330 3972 Historia
347 3906 485 3968 mulieris
498 3904 644 3967 adulterae
656 3904 701 3979 (c.
721 3902 751 3971 8,
765 3902 867 3973 alal,
886 3900 982 3962 relata
999 3901 1032 3963 in
1053 3903 1147 3967 variis

67 3992 198 4075 amnis
210 3991 368 4055 codicibus
379 3987 548 4071 praesertim
557 3987 680 4066 graecis,
694 3984 848 4054 Patribus,
859 4000 895 4045 ac
907 3986 940 4045 in
953 3986 1145 4049 versionibus

96 4112 250 4178 *luscis-‚l
261 4112 597 4177 h,e.ht.lller.vlosoript.
608 4112 701 4161 heeles.
