2708 4846
144 447 192 498 ti!
593 448 774 499 tresublx

144 556 207 601 non
218 539 377 618 pauciores
388 554 479 617 quam
492 538 613 613 decem,
628 547 660 601 et
670 557 732 601 non
742 539 844 619 plores
856 554 950 617 quern
961 538 1077 618 viginti
1095 555 1222 619 persone

144 625 251 688 edesse
268 623 445 684 debebant:
465 640 559 702 quare
578 626 604 686 si
618 641 756 704 persone
771 624 929 702 requisitae
947 623 981 684 in
997 623 1106 703 eliqua
1121 623 1223 684 iemilia

143 727 204 772 uon
218 715 321 777 erant,
335 707 474 769 exaltem
484 710 597 770 iomllia
610 709 852 770 adsumebsntur.
864 711 923 769 llae
935 724 1081 788 personae
1094 708 1223 787 inprime

143 793 350 856 celebratione
359 790 521 862 Paschatis,
534 809 588 853 seu
599 793 632 852 in
642 794 789 872 AEgypto,
796 792 940 854 calceatae
950 793 1155 854 etsuooinctae
1164 809 1222 853 erm

131 878 259 940 baculis
273 879 305 937 iu
321 878 474 948 manibus,
488 885 629 956 tanqum
644 877 684 939 ad
697 879 758 939 iter
768 883 894 958 poratae,
914 879 1042 956 Agrum
1057 876 1223 938 paschalem

130 965 287 1029 celeriter
297 961 508 1035 comederunt,
519 980 586 1041 quae
595 962 736 1041 adjuncta
743 969 847 1043 postea
855 963 968 1023 omissa
979 962 1118 1023 menone
1129 963 1222 1041 agno

141 1050 295 1114 Paschalis
314 1050 435 1128 integer
452 1050 658 1111 comedendus
673 1057 757 1122 eret,
777 1057 809 1110 et
824 1065 890 1110 ossa
903 1047 970 1126 ejus
981 1047 1155 1133 frangenda
1170 1066 1221 1109 non

142 1134 355 1212 erontilixod.
378 1134 429 1205 ii,
449 1133 498 1194 16.
517 1136 606 1195 Num.
619 1135 654 1202 9,
666 1135 712 1195 ii.
726 1136 755 1215 ),
769 1151 837 1214 qum
856 1134 972 1194 ultimae
992 1134 1221 1195 circumstantie

140 1239 263 1302 semper
282 1221 449 1282 observatae
466 1217 608 1296 luerunt(
619 1219 707 1283 Conl.
725 1222 815 1281 Joon.
834 1220 884 1290 19,
896 1219 935 1280 bi
954 1219 978 1300 ).
993 1219 1076 1296 Qum
1088 1219 1129 1281 de
1143 1220 1220 1298 igno

141 1307 279 1370 Poscheli
297 1312 488 1385 supererant,
503 1307 652 1385 inignem
664 1304 854 1385 projicienda
873 1311 970 1366 erent.
988 1304 1072 1381 Qui,
1092 1305 1220 1384 legitime

139 1409 202 1453 non
215 1391 392 1471 impeditus,
405 1390 644 1451 celebrationem
655 1389 808 1453 Posobatis
819 1389 1024 1469 neglexisset,
1036 1391 1147 1450 mortis
1160 1405 1219 1449 reu

140 1473 324 1552 erat(Num.
339 1475 373 1543 9,
388 1475 457 1551 lt),

177 1563 302 1640 Septem
319 1560 429 1622 diebos
442 1561 511 1623 teeti
525 1562 679 1624 itascbatis
689 1579 751 1624 non
764 1562 823 1624 nisi
835 1560 1040 1640 paneeazymi
1052 1558 1217 1625 maudumri

139 1655 296 1730 poterant,
317 1655 348 1707 et
372 1647 442 1708 ideo
459 1647 519 1709 boc
531 1649 641 1710 testum
659 1648 834 1711 solemnitas
855 1648 1043 1724 Arymorum
1068 1645 1218 1707 dicebatur

139 1732 251 1812 (Exod.
265 1731 318 1805 23,
333 1732 368 1792 lb
380 1731 401 1809 ).
413 1733 474 1810 Qui
486 1735 814 1815 panemiermentstum
827 1748 865 1799 eo
876 1739 1018 1811 tempore
1028 1729 1217 1801 comedisset,

138 1820 248 1899 eapitis
260 1836 330 1879 reos
343 1827 407 1878 crat
420 1819 594 1896 (Exod-li,
611 1820 723 1896 lii-lii).
737 1818 875 1899 Vespere
888 1816 1151 1894 decimae-quenz
1162 1813 1217 1875 diei

133 1906 252 1968 mensis
268 1904 360 1965 Nisan
377 1905 588 1967 fermentatum
605 1903 773 1965 edomibus
794 1901 885 1964 curie
897 1908 931 1962 et
948 1899 1130 1980 scrupulose
1143 1897 1218 1957 outo·

138 1991 280 2062 rebatur,
298 1998 330 2050 et
347 2007 402 2069 per
414 1997 509 2054 totam
525 1989 749 2052 hebdomadem*
764 1987 842 2050 nihil
858 1986 896 2048 de
906 2004 949 2049 ‚eo
965 1985 1214 2066 conspiciebatur

137 2078 177 2143 Ι).
196 2077 304 2137 Paulus
323 2078 336 2139 1
357 2077 428 2140 Cor.
448 2076 482 2144 b,
495 2077 531 2145 1,
551 2076 687 2143 adhunc
706 2075 799 2135 ritum
814 2073 937 2145 alludit,
958 2072 1035 2135 dum
1052 2069 1215 2136 Corintlrioe

135 2158 277 2226 bortatur
288 2170 322 2220 ut
334 2167 457 2238 purpeut
467 2168 546 2221 uetus
557 2160 736 2237 [moestum.

176 2246 281 2324 Agnus
290 2245 443 2309 Paschalis
452 2247 619 2322 antiquitus
629 2247 662 2306 in
675 2242 1031 2313 tabernaculoextmeto
1039 2248 1212 2304 enimtes-

137 2331 190 2408 plo
207 2329 489 2407 hierosolymitano,
507 2331 728 2407 Hierosolymae
740 2333 774 2392 in
799 2329 914 2408 templo
932 2329 1138 2391 immolandus
1156 2332 1214 2388 erat

136 2415 243 2490 tueor.
263 2413 313 2484 16,
327 2413 411 2488 Ml*
431 2431 526 2490 quare
537 2415 638 2475 Judaei
653 2417 798 2477 subversa
812 2415 1007 2494 nirosotymo
1020 2415 1215 2476 omnuml’esr

137 2497 236 2562 ehatis
247 2499 544 2560 commemoratiuem
559 2499 794 2571 substituerunt,
813 2501 846 2561 in
856 2516 916 2580 qua
929 2501 1009 2561 varii
1022 2501 1214 2562 observantur

136 2582 230 2653 ritus,
244 2583 331 2644 multi
344 2600 449 2643 eorum
460 2590 558 2644 stante
575 2583 674 2648 adhue
687 2585 801 2663 templo
811 2583 874 2662 jam
892 2585 1053 2646 observati
1065 2585 1155 2646 inisse
1172 2581 1213 2644 riv

137 2666 258 2730 dentur.
270 2668 357 2733 conf.
370 2667 477 2729 Matth.
492 2667 544 2738 bb,
557 2668 654 2735 23-27.
668 2672 680 2729 l
694 2669 766 2734 Cor.
777 2670 810 2729 11
821 2713 830 2740 ,
843 2669 944 2731 sust.

133 2790 138 2799 ·
174 2755 299 2824 Decima
316 2754 421 2832 quinta
433 2753 545 2814 mensis
559 2753 667 2824 Nisan,
681 2771 736 2815 scu
749 2755 845 2832 prima
862 2753 929 2817 dies
950 2770 1143 2832 azymorum,
1156 2756 1212 2814 erat

135 2839 355 2904 solemnissime
368 2839 435 2900 ‹lies
446 2837 671 2902 lestiPascholis
680 2840 771 2915 (lev.
784 2839 835 2911 23,
846 2840 864 2899 7
875 2840 903 2918 ),
915 2847 1008 2917 atoue
1014 2840 1119 2900 omnia
1130 2852 1212 2918 oport

136 2923 262 2994 servilia
282 2924 472 2989 severissime
493 2923 648 3002 prohibito
665 2927 769 2999 erant(
781 2923 887 2998 ibid).
901 2924 1030 2990 Decime
1046 2932 1132 2986 sexta
1148 2937 1212 2984 vero

138 3008 206 3070 dics
218 3007 282 3085 ejus
294 3009 422 3076 mensis,
435 3025 490 3069 seu
508 3009 641 3071 secunde
654 3010 705 3071 die
717 3009 886 3080 Peschutis,
907 3008 1097 3073 offerebatur
1109 3010 1213 3091 prino

136 3100 271 3155 metune
281 3093 451 3173 manipulus
462 3092 572 3154 hordei
585 3101 675 3171 utque
689 3095 721 3154 in
732 3094 941 3161 holocaustum
953 3110 1052 3174 egnum
1064 3094 1212 3157 moterlo

136 3197 208 3241 cum
219 3181 315 3240 terina
323 3187 354 3240 et
365 3179 512 3244 libamine
520 3180 739 3246 immolabatur.
751 3182 816 3242 lloo
828 3182 889 3241 ritu
897 3181 1213 3242 consecrabourrmee

137 3265 201 3342 sis(
212 3266 285 3325 Lev.
301 3265 353 3334 23,
370 3263 471 3339 tlt).
487 3264 623 3345 Singulis
641 3266 710 3330 eliis
728 3265 838 3332 diebus
853 3264 1058 3328 hebdomadis
1070 3264 1213 3328 Psscbslis

137 3348 1211 3431 bolomustaetvictimaepropeooatoimmolobonturfflumdtldb,etc).

449 3465 650 3550 exus-uo
667 3486 730 3538 testo
747 3486 908 3544 renueretis,

175 3609 247 3665 ⁶7¹.
263 3609 329 3668 iloo
338 3606 446 3668 festum
460 3606 499 3667 ab
512 3606 650 3668 liebraeis
658 3607 871 3670 celebrabatur
882 3608 1105 3687 quinquaginta
1113 3607 1214 3670 diebm

136 3704 205 3776 post
213 3694 376 3756 seoundom
388 3693 469 3755 diem
481 3693 634 3756 Paschatis
645 3711 701 3757 seu
714 3694 863 3756 decimum
876 3702 992 3757 sextam
1007 3695 1126 3756 mensis
1137 3692 1213 3756 Abib

136 3787 189 3842 eut
199 3781 307 3852 Nisan,
325 3779 454 3858 proinde
469 3787 552 3840 sexto
565 3779 616 3839 die
628 3781 861 3843 mensissivon:
874 3781 948 3847 ltine
960 3780 1153 3841 nominaunn
1164 3777 1214 3840 tuit

137 3864 242 3941 {ustum
253 3863 606 3940 lucidomodommssleut,
618 3862 664 3934 to,
675 3863 746 3937 l0),
759 3873 876 3944 septem
887 3883 998 3945 nempe
1010 3863 1214 3926 hebdomades

138 3947 283 4009 dieruma
296 3951 371 4010 testo
385 3948 538 4009 Paschotis
550 3948 660 4028 elapsae
669 3957 765 4011 erent.
776 3950 883 4013 Graece
896 3950 1012 4014 dietam
1022 3951 1081 4017 brit
1089 3967 1214 4013 mm

137 4032 315 4106 Pmuwou,
327 4050 381 4106 eeu
394 4034 629 4111 sumptuosum
641 4033 736 4096 diosa
748 4035 905 4101 Paaebote,
