2716 4838
460 408 651 459 nranonuu
670 390 870 464 aioncourt
1161 425 1210 474 aaa

114 492 287 573 Babylone.
297 495 357 555 Per
371 494 450 555 hanc
466 498 573 558 urbem
586 499 761 580 intelligunt
769 503 823 562 alii
836 505 991 581 antiquam
1001 507 1205 586 Babylonem,

99 580 169 641 atii
184 596 297 641 novam
310 572 513 658 Babylonem,
527 585 699 647 Seleuciam
713 589 1003 668 etCtesiphontem,
1016 593 1070 654 alii
1083 594 1209 660 modern

98 666 279 743 mysticam
296 666 504 746 Babylonem,
523 671 665 745 hamam,
688 693 753 752 qrcc
769 676 872 735 ultima
887 677 959 737 urbs
976 679 1016 738 ob
1031 672 1208 759 similitudi·

89 768 186 813 nent
199 749 267 828 ejus
280 751 462 813 idololatriae
476 762 507 815 et
520 759 724 834 corruptionis
737 761 858 820 moralis
875 778 945 821 curu
961 762 1086 841 antiqua
1105 766 1208 847 Bahy-

78 832 186 897 loue
208 834 392 899 Christianis
413 839 469 899 sub
490 841 613 900 nemine
636 842 801 921 Babylonis
824 845 948 925 cognita
967 845 1206 924 iuissevidetor

80 920 214 999 (coni.
229 923 327 1000 Apoc.
345 922 396 991 iii,
412 924 458 985 ii).
473 925 524 995 te,
538 928 573 995 2,
587 926 651 1004 to).
1181 994 1185 1001 ,

149 1008 269 1087 lingua
283 1010 448 1087 originaria
461 1010 550 1090 hujus
562 1014 703 1092 Epistulae
717 1023 762 1095 est
772 1032 886 1095 graecay
900 1015 1000 1077 delata
1011 1017 1068 1078 luit
1078 1035 1136 1098 per
1146 1006 1204 1082 sd-

55 1106 242 1165 wm,
255 1111 312 1155 seu
325 1094 418 1155 Silam
428 1095 472 1172 (c.
485 1098 520 1168 li,
537 1098 603 1171 lt),
617 1108 685 1177 post
696 1096 779 1161 Petri
794 1103 1014 1181 Hierosolymis
1026 1103 1203 1177 discessura,

50 1179 194 1241 <inca
207 1196 322 1241 annum
334 1180 373 1243 tid
384 1198 454 1243 aerae
467 1184 615 1262 vulgaris,
635 1186 673 1246 ad
686 1187 874 1250 Christianos
887 1188 1040 1268 dispersos
1050 1189 1083 1248 in
1094 1191 1199 1263 Ponto,

55 1265 250 1338 (lalatia,
274 1264 487 1346 Cappadocia,
512 1271 584 1330 Asia
607 1289 642 1332 ac
659 1273 802 1351 Bithynia
820 1272 867 1350 (e.
881 1277 908 1344 l,
921 1276 964 1349 l).
983 1276 1108 1335 Petrum
1122 1272 1205 1359 haue

44 1346 280 1432 Epistolam
293 1352 441 1414 direxisse
454 1353 492 1415 ad
503 1353 692 1418 Christianos
705 1375 721 1418 e
735 1358 890 1420 ludaismo
903 1359 1206 1423 ethntilismocon-

41 1446 218 1501 Nenos
243 1445 329 1518 patet
353 1437 396 1508 l‘,
418 1440 500 1519 quod
521 1460 549 1503 c.
572 1441 606 1513 3,
625 1443 644 1504 6
660 1444 804 1505 mulieres
821 1444 1000 1506 christianas
1014 1453 1105 1506 vocat
1117 1448 1200 1509 sara

46 1522 203 1597 ‘filiam
215 1524 297 1596 etY,
303 1524 385 1604 quod
393 1544 420 1587 c.
432 1527 461 1598 h,
469 1529 498 1599 5,
506 1528 695 1592 Christianos
705 1538 738 1590 ut
747 1531 899 1610 quondam
909 1531 1061 1593 idolorum
1069 1533 1203 1599 cuncos

42 1611 248 1691 ‘aspicit
921 1646 928 1657 ·

156 1732 172 1799 s
185 1734 331 1784 oexxxlll.
341 1759 372 1772 -
381 1735 483 1807 Occasio
492 1737 620 1798 proxima,
631 1738 803 1798 argumentum
817 1738 844 1787 et
853 1739 1023 1799 scopushuius
1032 1741 1154 1802 Epistola.

148 1843 220 1897 ⁴8³·
230 1840 431 1903 Occasionem
442 1841 514 1902 huic
524 1843 668 1921 Epistolac
680 1843 953 1904 dedissevidentur
961 1846 1202 1922 persecutiones,

83 1926 221 2003 qnam
230 1927 397 1990 Christiani
410 1935 472 1986 tum
482 1928 611 2006 expositi
622 1934 723 1997 erant;
731 1944 824 2004 quare
833 1937 1043 2006 argumentum
1053 1937 1084 1989 et
1093 1947 1203 2009 scopus

99 2012 268 2074 collimant
286 2012 326 2073 ad
345 2011 535 2075 Christianos
547 2013 580 2073 in
594 2011 709 2076 Christi
727 2013 877 2093 religione
895 2030 913 2073 a
930 2014 1103 2100 delectione
1123 2032 1203 2097 pre-

110 2098 288 2159 servandos.

146 2184 252 2244 Petne
265 2189 489 2260 consequenter
499 2182 625 2243 exhibet
638 2183 817 2267 dignitatem
832 2183 1006 2247 christianae
1023 2186 1198 2267 religionle,

113 2266 276 2346 fidelesque
286 2267 425 2328 hortatur
433 2267 471 2328 ad
481 2269 570 2327 vitam
580 2268 744 2329 christiano
753 2271 877 2330 nomine
885 2270 1199 2347 dignamduoeudam,

113 2368 146 2413 ac
155 2352 193 2413 ad
203 2359 340 2413 mutuam
354 2351 533 2412 charitatem
547 2353 757 2414 exercendam.
772 2355 878 2414 lionet
891 2365 924 2415 ut
937 2353 1045 2416 officiis
1060 2355 1123 2417 suis
1138 2357 1199 2417 rite

110 2438 286 2519 iungantur,
308 2456 347 2499 ne
365 2438 538 2498 detrectent
558 2439 686 2500 obedire
708 2441 934 2519 magistratibus
951 2442 1025 2502 licet
1048 2441 1198 2515 ethnicis,

111 2530 200 2601 atque
212 2540 254 2583 ne
266 2522 348 2585 servi
361 2531 477 2601 negent
486 2523 693 2584 obedientiam
703 2527 765 2585 suis
777 2523 860 2585 heris
872 2527 1010 2602 quamvis
1019 2525 1201 2602 gentilibus.

111 2608 255 2671 Hortatur
275 2607 437 2686 Apostolus
456 2608 599 2668 mulieres
615 2625 654 2667 ne
672 2610 798 2668 maritos
817 2627 886 2669 suos
900 2612 955 2668 etsi
975 2626 1108 2686 paganos
1123 2628 1215 2673 con--

109 2702 263 2764 lemnam,
278 2695 419 2770 virosque
435 2694 578 2753 admonet
597 2700 631 2752 ut
648 2694 828 2772 conjugibus
842 2695 904 2752 suis
921 2693 1071 2755 delerant.
1089 2697 1198 2757 Exem-

109 2778 158 2859 plo
166 2778 289 2843 Christi
301 2778 339 2838 ad
352 2777 497 2837 malonun
511 2777 701 2836 tolerantiam
716 2784 869 2856 provocat.
881 2778 990 2836 inritat
1002 2776 1039 2836 ad
1051 2778 1201 2840 sobrieta-

109 2870 183 2937 tem,
211 2863 419 2944 vigilantiam,
441 2863 625 2932 orationcm,
652 2860 905 2940 hospitalitatem,
920 2870 980 2922 cte.
995 2863 1118 2922 lnstruit
1130 2864 1199 2944 cpi·

109 2964 216 3030 scopos
245 2957 278 3010 et
293 2946 399 3008 fideles
415 2947 476 3007 iliis
497 2946 660 3027 subjectos.
671 2946 809 3006 Tandem
822 2946 1011 3009 Christianos
1022 2948 1199 3011 salutatno·

108 3036 191 3099 niue
203 3034 350 3098 Ecclesiae
358 3033 540 3112 Babylonis,
554 3050 589 3092 ac
600 3031 722 3092 nomine
736 3033 843 3093 hlarci.

326 3172 372 3221 DE
391 3172 419 3219 ll
438 3169 612 3219 ertsnotn
632 3169 660 3216 n.
676 3169 782 3216 renni
802 3167 983 3217 APOSl’Ohl.

295 3313 302 3325 .
384 3278 401 3345 s
415 3280 558 3329 ccxxttv.
571 3304 601 3315 -
611 3280 702 3327 lucar
712 3276 787 3338 huius
797 3277 923 3339 epistota.

141 3401 274 3462 tta-lte
286 3407 409 3461 auctore
423 3407 454 3459 ct
467 3399 644 3458 auctoritate
659 3397 748 3474 hujus
760 3396 903 3477 Epistulae
922 3398 995 3456 oliru
1011 3397 1196 3477 disputatum

108 3484 180 3557 tait,
193 3484 226 3545 l⁰
243 3484 324 3563 quod
341 3484 504 3562 scriptores
523 3483 721 3543 ecelesiastici
738 3482 839 3543 sacculi
853 3482 942 3561 primi
958 3491 988 3542 et
1008 3482 1134 3543 secundi
1156 3484 1196 3547 ad

107 3568 192 3633 hum
201 3587 264 3630 nou
273 3578 531 3649 provocaveruut3
544 3568 575 3628 2⁰
590 3568 670 3647 quod
678 3568 773 3647 stylus
785 3567 850 3645 ejus
860 3568 999 3629 diversus
1009 3576 1081 3628 esta
1093 3570 1197 3648 priore
1286 3606 1290 3613 ·

106 3650 192 3717 Petri
202 3654 354 3735 Epistola;
367 3654 448 3732 quod
460 3653 491 3712 5ο
504 3653 656 3733 Origenes
671 3654 713 3712 ait
728 3653 734 3676 ¹
754 3653 793 3714 de
809 3652 1079 3713 illiusauctoritate
1094 3654 1197 3733 dispu-

106 3740 178 3805 tati.
193 3741 398 3819 Hieronymus
419 3739 459 3801 dc
478 3741 568 3800 Petro
582 3758 590 3799 a
606 3761 621 3795 a
636 3739 780 3817 Scripsit,
796 3739 911 3816 inquit,
924 3738 999 3799 daras
1012 3739 1201 3814 Epistolan..

108 3844 266 3907 »mmmm
286 3826 419 3889 secunda
437 3843 455 3885 a
475 3825 628 3904 plerisque
651 3825 715 3903 ojus
732 3839 797 3884 esse
819 3830 949 3903 negatur
961 3823 984 3882 ¹.
1000 3824 1195 3903 »Didymusa

107 3910 208 3973 «Non
222 3919 269 3974 est
280 3909 499 3993 ignorandum,
512 3910 634 3979 scribit,
646 3916 829 3988 praesentem
848 3908 1013 3988 Epistolam
1028 3925 1093 3973 esse
1106 3910 1200 3975 talsa-

118 3992 124 4005 Ι
136 4019 412 4082 *ori1.apudtusch.,
423 4019 443 4067 i.
453 4018 512 4066 titt.
522 4014 607 4066 25.-¹
615 4018 685 4067 ilier.
695 4017 727 4067 de
737 4016 827 4077 Script.
838 4017 933 4065 eccles.
943 4017 1042 4067 rcum.
