2708 4846
468 434 513 483 bu
534 435 742 484 PALAESTINA.
1095 438 1141 488 “9

67 527 228 597 Sidonem,
242 534 274 587 et
285 527 429 589 Genuum
438 530 600 589 terminum
615 528 863 599 meridionalem,
876 546 944 606 qum
956 531 1027 591 mbs
1041 532 1142 593 media

68 621 115 673 est
125 614 205 673 inter
213 612 324 675 Gazam
331 615 492 676 terminum
503 615 732 688 occidentalem,
745 615 972 695 etPentapoiim
980 617 1143 677 terminum
1162 666 1168 679 .

67 698 258 759 orientalem.

42 811 47 843 t
105 781 213 845 Cincta
225 789 289 843 erat
299 782 338 843 od
349 784 592 858 Septentrionem
600 782 756 845 Pboenicia
770 789 801 844 et
812 790 915 846 monte
928 785 1044 846 Libano
1058 831 1066 855 ‚
1089 788 1143 867 qui

66 869 152 929 illam
162 885 179 928 a
191 869 279 948 Syria
287 869 463 948 separabat,
480 869 516 930 ad
526 870 685 932 Orientem
696 871 848 932 montibus
863 872 994 932 Hermon
1006 917 1014 943 ,
1028 873 1144 935 Galaad

67 962 100 1015 et
117 955 231 1014 Arabia
242 998 251 1025 ,
264 954 302 1014 ad
313 955 475 1016 Meridiem
486 963 588 1016 monte
597 957 679 1026 Scir,
693 963 724 1016 et
735 956 771 1017 ad
781 955 980 1017 Occidentem
991 958 1067 1017 mari
1079 960 1109 1018 M
1113 977 1144 1018 e-

66 1042 254 1104 diterranoo.
275 1041 371 1119 Regio
393 1039 459 1102 baec
480 1041 519 1102 ab
540 1043 652 1103 Austro
671 1041 710 1102 ab
729 1042 974 1122 Septentrionem
990 1045 1145 1122 octoginta

65 1127 191 1189 circiter
199 1126 308 1197 leucis,
323 1126 400 1186 etab
411 1125 580 1188 Occidente
592 1125 630 1186 ad
645 1126 803 1189 Orientem
815 1127 1012 1207 quadraginta
1021 1129 1145 1190 circiter

65 1212 163 1273 leucis
176 1211 397 1272 continebatur.

104 1298 177 1354 aar.
189 1297 345 1356 Palaestina
359 1313 376 1356 a
388 1296 503 1357 Judaeis
512 1295 679 1359 inhabitata
691 1303 762 1357 ante
770 1294 945 1373 frequentes
958 1314 1061 1358 eorum
1071 1316 1144 1380 cap·

64 1383 201 1444 tivitates
214 1383 299 1461 regio
315 1382 531 1453 amoenissima,
548 1383 752 1453 fertilissima,
772 1390 803 1442 et
822 1382 931 1443 incolis
947 1382 1144 1447 refertissima

63 1468 141 1536 tuis,
152 1467 292 1545 quodvel
308 1475 392 1545 patet
407 1484 445 1528 ex
460 1467 637 1545 ingentibus
649 1467 828 1541 bellatorum
843 1467 1045 1537 exercitibus,
1067 1487 1143 1546 quos

64 1571 156 1634 reges
174 1553 261 1614 istius
278 1554 412 1631 regionis
430 1553 617 1628 babuerunt,
640 1563 674 1615 ut
691 1554 777 1623 Saul,
795 1552 846 1631 qrti
861 1561 997 1615 trecenta
1013 1555 1144 1617 miiitum

64 1640 163 1700 miilia
174 1640 326 1699 recensuit
336 1639 369 1698 in
380 1639 495 1700 besech
508 1640 539 1716 (l
553 1641 629 1719 Reg.
645 1641 690 1710 tt,
701 1640 746 1716 8).
759 1639 1002 1719 Joabpraeiectus
1013 1641 1144 1704 miiitum

64 1726 191 1787 lustrata
203 1725 378 1794 suasum,
392 1725 530 1787 tribubus
543 1726 698 1801 Beniamin
712 1734 744 1785 et
760 1726 835 1785 Levi
849 1725 983 1800 exceptis
998 1725 1018 1796 ¹,
1032 1727 1143 1789 Davidi

63 1810 172 1873 retulit
200 1809 234 1868 in
247 1810 338 1870 israel
350 1809 525 1887 octingenta
541 1810 637 1870 miliia
648 1810 780 1869 virorum
793 1819 824 1869 ct
837 1809 868 1869 in
886 1810 964 1870 Juda
977 1812 1146 1888 quingenta

64 1896 163 1956 millia
171 1894 325 1955 bominum
335 1894 374 1954 ad
386 1894 501 1955 betium
509 1901 578 1973 apta
590 1895 718 1972 reperiri
731 1896 773 1969 (it
785 1895 860 1972 Reg.
874 1893 926 1963 et,
939 1894 980 1969 9),
995 1912 1060 1971 qun
1073 1898 1143 1956 mit-

64 1982 229 2042 lionenset
245 1988 381 2042 trecenta
401 1980 497 2041 miliia
514 1980 648 2040 virorum
663 1980 860 2041 constituunt.
877 1980 907 2040 Si
928 1979 999 2042 buis
1016 1997 1143 2043 numero

64 2067 215 2128 addantur
234 2067 308 2137 viri,
332 2066 385 2144 qui
407 2066 440 2126 in
462 2065 608 2125 tribubus¹
619 2064 775 2141 Beniamin
795 2072 827 2124 et
840 2065 916 2125 Lavi
930 2064 969 2125 ad
985 2083 1066 2127 arma
1079 2070 1143 2146 apti

65 2158 169 2221 erant,
183 2152 280 2229 liquet
299 2169 459 2212 numerum
473 2150 639 2212 incolarum
656 2151 822 2212 Palestinae
843 2151 899 2211 sub
918 2153 1035 2213 Davide
1050 2154 1143 2215 tuisse

64 2244 183 2315 septem
193 2237 317 2297 circiter
328 2237 511 2306 mulionum,
526 2254 594 2298 cum
604 2237 662 2297 riri
676 2236 712 2297 ad
727 2236 839 2297 hstium
852 2237 914 2317 apti
928 2237 1063 2315 quintam
1074 2256 1144 2317 par·

65 2327 131 2381 tem
150 2322 316 2475 inrjolsrum
337 2320 463 2401 aiicujus
484 2322 619 2401 regionis
634 2339 696 2383 nou
716 2322 900 2383 constituant
916 2323 1008 2404 (conf.
1022 2341 1054 2383 n.
1066 2322 1140 2397 tot,

64 2405 191 2467 fidit-223
203 2407 229 2468 ¹¹.

115 2492 264 2571 Tempore
287 2491 497 2554 destructionis
521 2493 740 2573 Hierosolymse
764 2491 820 2554 sub
842 2491 913 2551 Tito
930 2489 963 2550 in
983 2493 1140 2555 Palaestina

64 2576 168 2657 piures
181 2575 344 2637 incolarum
354 2578 505 2638 miiliones
515 2579 612 2639 adbuc
623 2586 723 2646 erant,
738 2584 769 2637 et
780 2577 813 2635 in
825 2576 887 2635 sola
896 2575 1057 2637 obsidione
1071 2579 1130 2639 iiie

65 2663 224 2740 rosoiymae
238 2661 383 2722 undecies
391 2668 521 2722 centena
532 2663 628 2720 millia
640 2662 795 2721 bominrnn
811 2661 974 2736 perierunt.

297 2788 314 2857 5
329 2792 369 2838 tv.
377 2815 408 2828 -
415 2790 571 2839 continuatio
581 2790 613 2839 da
624 2788 753 2837 tertititatc
762 2788 908 2836 Palestinae.

101 2909 175 2964 tta.
189 2906 309 2968 Inimici
322 2904 494 2968 christiana
505 2904 663 2982 religionis
672 2922 710 2964 ex
722 2903 872 2965 hodierno
887 2905 1142 2972 Palaestinaestatu

64 2996 210 3056 evincere
228 2993 343 3054 vellent
364 2991 442 3051 banc
462 2991 619 3069 regionem
639 3006 760 3068 semper
777 2988 869 3050 tuisse
888 2992 1022 3053 sterilem
1043 3010 1078 3056 ae
1097 2995 1142 3056 in-

62 3088 201 3160 gratam,
223 3079 349 3156 Moysen
367 3075 495 3155 proinde
508 3074 582 3137 talso
599 3092 667 3135 eam
681 3074 806 3136 laudare
825 3082 858 3134 ut
874 3077 1032 3157 regionem
1049 3097 1143 3143 amoe-

64 3164 220 3224 nissimam
231 3178 266 3222 ac
277 3160 503 3222 fertilissimam.

97 3267 218 3318 ¹1Parat.
229 3269 256 3317 st
266 3303 274 3331 ,
286 3267 311 3318 6.

95 3370 106 3392 ’
116 3372 127 3418 t
136 3371 214 3419 Perat.
225 3370 265 3430 tt,
276 3371 301 3431 s,
310 3368 403 3418 dicitur
411 3368 514 3417 toabam
525 3366 676 3418 mcensrdsse
687 3369 713 3417 tn
724 3371 798 3420 insit
807 3371 870 3418 mitte
881 3370 982 3418 mtittaet
990 3374 1081 3419 centum
1091 3374 1145 3423 mss

64 3441 100 3490 tio
113 3443 227 3498 carosum,
239 3439 300 3488 etin
310 3440 371 3488 tudo
383 3440 567 3500 gruodrtngento,
578 3440 723 3499 septuaginta
733 3440 816 3499 mitio,
827 3452 882 3499 qrroe
892 3440 1041 3486 constituunt
1053 3441 1145 3490 mittio·

64 3520 123 3558 nem
138 3510 164 3555 et
179 3508 310 3567 quingenta
326 3507 479 3567 septuaginta
490 3506 568 3554 milita
582 3506 691 3554 virorum
707 3506 738 3554 ad
754 3507 846 3555 betium
862 3510 983 3569 aptorum.
997 3508 1145 3559 Existimant

64 3575 226 3624 nonnuttitut
237 3575 384 3633 Parat.2i,5,
396 3574 899 3634 rnendumamauucusiurnirrepsisse;atii
911 3574 1032 3622 uttirrnaut
1040 3576 1144 3627 toabam

66 3645 181 3705 equidem
194 3645 228 3691 tot
243 3645 308 3689 viros
323 3643 353 3690 ad
371 3645 463 3692 betium
474 3647 544 3705 aptos
558 3643 583 3691 iu
596 3644 670 3691 tsrodt
681 3645 707 3692 ct
720 3643 783 3690 tuda
794 3646 960 3703 recensuisse,
972 3647 995 3691 at
1007 3656 1063 3690 curru
1081 3645 1144 3695 burto

65 3712 235 3762 recensionem
252 3711 343 3759 insitus
354 3710 501 3772 instituerit,
512 3713 538 3759 ct
553 3711 599 3759 bac
614 3711 645 3759 de
659 3723 732 3759 causa
747 3712 826 3759 tribus
836 3712 963 3771 Borrinmin
980 3714 1006 3759 ct
1021 3714 1081 3761 bavi
1095 3726 1144 3764 non

65 3781 232 3840 recensuerit,
242 3782 271 3827 ut
280 3781 291 3827 i
301 3780 378 3827 Paret.
388 3780 414 3826 itt
424 3811 433 3838 ,
444 3779 471 3838 ⁶,
482 3781 585 3841 tegitur,
596 3779 667 3827 aiunt
678 3780 756 3840 ipsum
766 3780 853 3828 bavidt
865 3782 1033 3828 recensionem
1043 3782 1078 3829 tot
1089 3785 1144 3831 mtt-

65 3848 128 3899 lium
137 3849 265 3897 hominum
275 3849 370 3895 tanturn
381 3846 519 3907 tradidisse,
528 3849 589 3908 quot
602 3848 624 3894 it
634 3848 694 3906 iteg.
708 3847 755 3906 it,
766 3848 795 3907 9,
808 3849 937 3908 teguntur3
949 3850 1074 3896 auctorem
1085 3863 1144 3900 sero

64 3917 266 3978 Paraiipomenon
272 3916 367 3976 reliqua
375 3915 483 3964 virorum
489 3915 588 3964 mittiue
595 3915 669 3964 Joabo
677 3916 904 3976 mrcmibsedregt
913 3915 1002 3975 botta,
1012 3927 1045 3964 cn
1055 3920 1144 3968 rearis

66 3984 352 4043 documenttsadleeisse.
359 3985 434 4032 Juxta
439 3985 622 4033 tentumautem
632 3985 642 4031 t
651 3984 731 4032 rust.
742 3984 782 4044 tt,
792 3985 823 4045 b,
831 3996 948 4037 uumerus
957 3984 1091 4035 incolarum
1100 3989 1144 4036 aa·

65 4052 168 4103 institue
179 4053 210 4101 ad
224 4053 279 4101 octo
288 4053 387 4103 circiter
396 4052 533 4101 mimarum
542 4053 666 4104 utiliores
675 4052 811 4104 adscendit.
