2708 4846
155 464 203 515 ΞΜ
562 464 607 509 DE
628 458 828 510 AUTHEN'HA

153 557 282 618 imitatio
302 556 471 617 orationum
487 570 653 634 graecarrnn
672 553 706 613 in
723 552 781 612 hoc
795 551 876 610 libro
898 564 1077 619 occurrens,
1094 547 1200 614 initur

154 645 277 708 videtur
301 661 371 705 eum
383 645 522 725 primitus
533 659 633 722 grace
646 641 849 721 conscriptum
860 638 961 699 luisse.

189 732 253 792 Alii
276 732 443 792 attribuunt
458 730 539 792 hunc
555 730 668 790 librum
683 746 798 791 summo
820 727 970 789 sacerdoti
989 724 1152 799 Eliachim,
1167 743 1200 791 nc

146 818 306 890 doachim,
318 826 349 879 ct
360 818 413 878 alii
424 819 526 878 Josuae
540 816 601 876 lilio
613 814 755 881 Josedec.

187 901 252 961 luti
268 900 439 962 existimant
450 901 548 979 ipsum
560 906 642 969 ante,
656 898 708 957 alii
721 903 788 977 post
800 895 1006 977 captivitatem
1018 892 1200 973 babylonica

152 988 321 1048 coniectum
331 987 433 1046 luisse.
446 985 621 1045 Verisimile
636 991 681 1044 est
704 991 872 1053 auctorem,
890 980 975 1059 cujus
986 999 1097 1042 nomen
1108 982 1200 1060 ignom

151 1081 214 1144 tur,
232 1073 386 1152 scripsisse
403 1088 468 1131 aevo
487 1071 730 1132 blachabaeorum
744 1089 752 1128 :
767 1069 838 1130 huic
860 1069 986 1147 tempori
1006 1069 1200 1130 convenitne

152 1160 325 1220 Judaeorum
334 1174 419 1218 moro
432 1158 606 1218 Graecorum
616 1156 791 1237 perorandi,
801 1156 851 1234 qui
863 1157 893 1216 in
907 1155 965 1215 boc
974 1155 1055 1215 libro
1065 1154 1200 1235 repetitur,

149 1251 182 1305 et
194 1245 317 1305 Hebraei
329 1250 394 1303 tum
406 1243 516 1303 litteris
528 1243 635 1319 graecis
647 1258 770 1321 operam
783 1242 943 1302 navabant.

186 1334 300 1394 Praeter
319 1332 493 1393 versionem
511 1331 688 1409 Vulgatam,
706 1337 787 1390 extat
803 1330 862 1389 alia
880 1329 980 1391 versio
994 1329 1091 1403 ¹latina
1106 1344 1123 1389 e
1136 1332 1198 1389 tertv

149 1436 248 1499 graeco
262 1418 460 1488 descendens,
474 1419 513 1479 ab
526 1417 635 1479 eodem
648 1424 748 1476 tamen
761 1415 937 1493 frequenter
949 1416 1134 1477 dissentiens.
1144 1414 1197 1475 Ver

148 1507 194 1566 sio
207 1522 281 1566 vero
292 1505 513 1583 syriacaaetetis
525 1503 649 1565 incertae
662 1502 757 1564 textui
770 1519 869 1581 gracco
883 1501 1066 1563 conformior
1078 1508 1129 1575 est,
1141 1506 1196 1563 elev

65 1641 71 1653 .
148 1591 203 1653 illo
221 1608 376 1654 emanasse
388 1590 520 1653 videtur.

409 1749 426 1817 g
436 1750 562 1799 1170(va
571 1774 601 1785 -
611 1749 787 1811 Argumentum
799 1747 855 1797 libri
866 1748 960 1796 tuditi.

183 1874 252 1933 ate.
264 1870 554 1941 Nabuchodonosor,
567 1888 622 1930 rex
636 1870 842 1947 Assyriorum,
855 1868 885 1925 in
901 1866 1013 1926 Ninive
1026 1878 1192 1931 commorant,

147 1959 328 2020 duodecimo
344 1959 391 2019 sui
404 1956 526 2037 imperii
543 1974 640 2026 anno,
653 1956 773 2016 devicto
787 1951 952 2033 Arphanad
964 1951 1119 2012 Medorum
1129 1964 1192 2029 regn,

147 2053 178 2106 et
186 2046 408 2105 Ecbatanorum
417 2043 585 2111 conditore,
596 2043 664 2102 aliis
674 2042 784 2101 vicinis
793 2039 913 2120 populis
925 2039 1076 2117 imperare
1087 2038 1192 2118 ruptos

146 2130 185 2191 ad
204 2147 255 2190 eos
271 2130 353 2189 misit
373 2128 499 2205 legatos.
518 2126 594 2187 Cum
609 2127 642 2184 hi
660 2127 726 2186 sine
745 2126 860 2185 honore
882 2126 1000 2185 remissi
1022 2132 1133 2195 essent,
1147 2120 1194 2183 istit

144 2215 263 2295 populis
277 2212 428 2273 excidium
440 2211 588 2272 decrevit.
602 2213 691 2271 Anno
711 2213 803 2290 igitur
821 2213 910 2271 tertio
930 2210 1050 2271 decimo
1070 2212 1115 2273 sui
1128 2204 1193 2289 regni

143 2301 227 2359 misit
248 2301 357 2360 ducem
379 2299 575 2358 Holofernenr
602 2316 671 2359 curu
696 2300 814 2378 ingenti
837 2301 988 2370 exercitu,
1008 2301 1061 2378 qui
1080 2297 1194 2360 marinis

143 2390 257 2460 strages
275 2384 355 2442 inter
367 2381 459 2443 hosce
471 2385 597 2463 populos
608 2384 722 2455 edidit,
737 2387 827 2445 etiam
840 2388 920 2445 inter
933 2403 985 2447 eos
996 2368 1059 2463 int
1071 2390 1194 2465 sponttst

144 2469 323 2529 dediderant
337 2488 346 2540 ;
365 2468 447 2529 idola
459 2470 623 2541 subvertit,
635 2480 668 2531 ut
685 2472 963 2534 Nabuchodonosor
981 2474 1061 2534 solus
1074 2468 1194 2534 neuls

143 2556 279 2627 beretur,
293 2562 323 2615 et
337 2554 374 2615 ad
386 2555 534 2617 Esdrclon
546 2558 688 2635 pervenit
700 2556 712 2635 (
723 2575 749 2617 c.
765 2560 822 2618 lc.
833 2558 883 2633 5).

179 2640 278 2701 Judaei
289 2641 378 2721 paulo
384 2648 454 2702 ante
461 2659 499 2702 ex
512 2644 686 2722 captivitate
700 2645 799 2721 aliqua
820 2645 956 2713 reduces,
967 2642 1080 2704 cultum
1090 2641 1195 2703 Deiret

141 2729 300 2799 tituerant,
315 2727 370 2788 sub
391 2727 519 2807 imperio
540 2730 648 2789 summi
661 2731 825 2791 sucerdotis
847 2730 997 2790 Eliachim
1018 2746 1053 2791 ac
1067 2730 1195 2791 seniora·

141 2814 274 2874 nationis
286 2830 319 2873 se
334 2812 372 2873 ad
386 2812 593 2874 defensionem
605 2823 722 2895 parant,
735 2824 766 2876 ct
774 2814 898 2893 jejuniis
912 2833 946 2876 ac
960 2816 1143 2877 orationibus
1153 2810 1194 2874 brt

141 2902 285 2961 auxilium
296 2901 474 2982 implorant.
489 2903 669 2963 llololcrncs
682 2900 857 2963 Judaeorun
869 2904 993 2965 miratus
1007 2902 1194 2967 resistentium

141 3006 159 3047 e
172 2987 697 3067 copiarumauxiliatriciumducibus
706 3006 843 3066 quaenam
856 2990 965 3050 sitista
983 3008 1059 3069 gens
1070 2984 1196 3069 exquiriti

139 3072 584 3141 nchtorrerounnnoniurum
594 3073 717 3144 dux,illi
727 3072 1195 3155 Hebrtcoscognoscendostradit.

138 3162 335 3239 praeliumque
356 3161 385 3220 ci
399 3161 568 3233 dissuadet,
580 3161 640 3240 nisi
660 3168 780 3222 constet
807 3179 858 3222 eos
878 3164 943 3222 Deo
961 3164 1052 3224 luis'se
1069 3160 1195 3223 inirdelet

139 3246 319 3307 Holoiernes
337 3263 408 3306 vero
426 3246 554 3306 liberam
570 3245 712 3306 lichioris
733 3247 900 3307 orationem
921 3264 1003 3327 aegrc
1016 3248 1131 3321 icrens,
1145 3262 1197 3309 eun

137 3332 286 3392 Betbuliae
306 3332 414 3391 incolis
435 3332 513 3392 tradi
531 3330 634 3409 jubet,
657 3331 795 3393 eanrdcm
812 3341 917 3411 postca
939 3352 1009 3396 cnm
1028 3334 1091 3397 illis
1105 3342 1198 3398 sutton

138 3425 332 3497 expertunnu
343 3412 356 3493 (
366 3434 393 3477 c.
407 3417 468 3478 lt·c.
483 3416 532 3492 6).

173 3502 279 3562 Altero
293 3500 344 3561 die
356 3503 506 3563 exercitus
517 3502 689 3564 Holoiernis
701 3504 798 3566 aditus
810 3505 958 3565 montium
966 3505 1199 3568 nettruttaoom

136 3595 203 3666 pat,
215 3587 388 3647 Betbuliarn
401 3589 559 3649 obsidione
573 3592 678 3669 cingit,
694 3607 843 3669 aquasque
862 3593 892 3652 in
906 3593 1013 3654 urbem
1026 3593 1200 3657 liuentesin·

136 3673 268 3752 torcipit.
276 3672 415 3750 Triginta
425 3679 455 3732 et
468 3682 594 3751 quatuor
607 3676 714 3737 dicbus
726 3684 829 3755 postca
843 3677 1053 3740 Betbulienses
1063 3680 1200 3759 adaugo

45 3812 51 3823 ,
135 3759 194 3819 tias
209 3757 344 3823 reducti.
356 3773 389 3816 se
404 3757 561 3820 llololcrni
575 3761 688 3821 dedere
701 3761 897 3833 meditantur,
911 3764 971 3823 nisi
986 3765 1066 3825 intra
1083 3765 1200 3843 quinquo

136 3843 202 3905 dies
220 3846 281 3907 illis
297 3852 496 3906 succurratur.
506 3840 613 3908 Judith
630 3847 757 3918 nobilis,
768 3848 864 3919 dives,
876 3867 911 3911 ac
923 3850 1053 3912 formosa
1070 3850 1200 3913 Mannu‘!

135 3929 412 4008 vidua„'praelecto
425 3947 470 3999 ;ac
487 3934 676 3995 senatoribus
693 3936 938 3999 Betbuliensibus
959 3937 1200 4001 dffidenumu

136 4015 490 4094 mimnermonisque
508 4021 667 4080 consilium
678 4021 859 4102 exprobrat,
874 4031 964 4102 atque
977 4027 1113 4088 vestibus
1124 4040 1200 4087 omn·

135 4105 304 4185 mentisque
324 4107 548 4185 pretiosissimis
560 4107 684 4183 amicta,
707 4125 812 4171 eorum
828 4126 976 4175 consensu
986 4128 1117 4195 vespere
1133 4110 1199 4179 wilt
