2716 4838
226 467 273 511 2¹10
625 461 671 510 DE
695 463 917 511 tundentis

226 573 294 615 cum
306 550 484 616 auctoritate
494 553 631 614 llehraeis
639 552 824 633 concaptivis
835 553 1029 631 loquebatur,
1042 558 1074 613 ct
1083 553 1161 613 torte
1170 548 1235 630 jam
1246 557 1311 615 tum

224 640 351 702 dederat
364 642 450 719 signa
462 641 550 701 istius
565 641 689 718 spiritus
700 639 886 719 prophetici,
898 658 958 718 quo
977 657 994 699 a
1011 641 1076 700 Deo
1095 640 1228 701 donatus
1241 639 1308 702 luit.

224 725 376 787 Caetemm
387 733 487 787 textus
497 727 580 786 aitte
593 726 754 786 Suscitavit
765 726 910 786 Dominus
920 725 1059 804 spiritum
1070 733 1210 785 sanctum
1219 729 1311 805 pueri

225 832 240 867 n
255 811 399 888 junioris,
413 810 498 888 cujus
507 827 620 871 nomen
631 811 740 870 Daniel
754 830 769 866 v
784 806 833 886 (c.
846 810 961 886 land).

259 899 332 954 581.
349 897 381 957 l⁰
389 897 498 958 Daniel
514 898 588 958 istos
606 895 680 956 duos
689 894 808 973 judices
825 903 886 956 tam
904 894 1097 954 tumultuarie
1111 910 1148 956 ae
1163 896 1312 977 praecipi·

225 988 322 1042 tentor
331 983 459 1059 Judirat,
475 999 564 1059 quam
580 981 625 1040 illi
642 978 852 1057 judicaverant
864 983 1039 1042 Susannam.
1057 982 1233 1059 Antequam
1242 1000 1311 1044 rem

225 1068 436 1137 examinasset,
455 1068 523 1128 illos
540 1067 671 1127 nefarios
688 1083 778 1127 senes
798 1074 966 1144 nuncupat,
982 1072 1014 1124 et
1031 1067 1119 1127 simul
1136 1084 1172 1128 ac
1192 1068 1310 1147 primos

224 1155 406 1215 nominasset
425 1154 583 1222 arborem,
604 1153 660 1214 sub
678 1168 737 1231 qua
753 1152 937 1214 adulterium
957 1154 1099 1213 Susannte
1113 1155 1309 1217 commissum

222 1243 340 1312 luisset,
355 1244 452 1320 ipsum
465 1242 663 1312 condemnat,
679 1242 754 1318 quin
766 1246 923 1318 expectet,
938 1257 1010 1300 num
1026 1241 1104 1301 alter
1113 1240 1213 1319 judex
1224 1260 1309 1305 oam-

222 1327 292 1388 dem
305 1328 445 1388 arborem
453 1328 592 1388 nominet
604 1343 714 1390 necne.

257 1413 319 1474 Sed
330 1430 399 1473 cum
413 1420 495 1473 casta
507 1413 643 1472 Susanna
656 1412 755 1472 Deum
768 1416 803 1470 ut
815 1416 924 1471 testem
937 1427 1000 1472 suae
1014 1411 1201 1473 innocentiae
1218 1414 1308 1476 invo-

222 1509 317 1561 casset
340 1501 383 1576 (c.
403 1498 569 1574 ⁴5‚35‚l3)‚
587 1500 668 1559 Deus
682 1497 804 1558 Danieli
822 1505 855 1557 ct
872 1498 1016 1558 susannae
1035 1498 1309 1573 innocentianam

221 1587 347 1648 duormn
357 1587 494 1666 iudicum
507 1586 623 1665 flagitia
636 1595 707 1645 ente
720 1602 832 1644 novum
840 1584 990 1662 judicium
1001 1584 1172 1647 institutum
1189 1591 1309 1653 revela·

221 1674 265 1732 vit
276 1673 335 1751 (ih.
347 1672 465 1753 ltd3);
477 1671 549 1731 hinc
559 1671 628 1731 illos
637 1677 708 1730 ante
721 1687 817 1730 causae
827 1686 956 1730 examen
964 1671 1073 1750 impios
1082 1666 1195 1735 merito
1205 1672 1309 1757 appel

219 1757 310 1832 lavit,
320 1761 511 1839 primumque
525 1775 586 1817 non
598 1756 701 1816 audito
714 1756 809 1816 altero
821 1756 1044 1819 condemnavit

255 1846 328 1900 582.
342 1842 373 1904 5⁰
385 1845 418 1904 Si
431 1844 483 1904 isti
497 1841 617 1920 judices
629 1839 714 1919 juxto
736 1840 837 1920 legem
858 1842 972 1920 Moysis
984 1840 1138 1920 lapidibus
1153 1843 1305 1910 obruendi

220 1937 321 2000 erant,
334 1937 369 1989 ut
377 1927 507 1988 habetur
516 1945 544 1989 c.
555 1927 606 1998 45,
617 1926 669 1996 62,
681 1927 831 2004 quomodo
844 1927 953 1987 Daniel
968 1928 1085 1988 ibidem
1098 1929 1151 2006 (v.
1160 1929 1200 1991 tt
1211 1934 1306 2015 mou)

219 2014 323 2075 dicere
336 2021 476 2092 poterat,
489 2012 635 2090 angelum
646 2012 716 2072 illos
727 2029 784 2091 per
795 2011 929 2072 medium
936 2020 1088 2073 sectorum
1100 2018 1186 2077 essee

255 2101 371 2159 Verum
382 2100 505 2179 phrases
517 2099 583 2158 istm
597 2097 714 2176 cnpelus
729 2097 838 2157 schedel
852 2098 1029 2167 temedium,
1046 2109 1120 2160 secet
1139 2110 1166 2163 te
1179 2103 1305 2165 medico

217 2194 288 2248 sumt
302 2188 384 2248 lusus
404 2186 569 2247 verborum
590 2184 772 2245 traductoris
794 2185 902 2264 graeci,
928 2193 960 2245 et
975 2204 1037 2246 non
1054 2188 1228 2268 significant
1240 2193 1305 2255 nisi

217 2273 400 2333 sententiam
408 2271 513 2330 mortis
528 2269 657 2329 duorum
667 2268 815 2347 judicum.

253 2360 325 2412 58³.
342 2356 373 2416 6⁰
390 2358 485 2416 Lusus
501 2356 681 2427 verborum,
694 2354 756 2432 ‚qui
771 2356 903 2416 occurrit
916 2356 959 2431 (c.
978 2356 1122 2427 tostos
1136 2361 1304 2440 interque,

215 2469 297 2516 σχισιι,
313 2441 427 2500 echinos
442 2438 564 2509 sebisci,
580 2447 611 2499 ot
629 2459 659 2500 v.
679 2439 767 2501 tlsdtl
788 2441 869 2500 inter
879 2469 954 2515 πμ»,
965 2471 1053 2518 eptae..
1065 2445 1170 2522 prabos
1190 2450 1301 2527 prius,

216 2545 274 2589 nec
286 2527 433 2605 inlingua
443 2525 602 2596 hebraica,
614 2526 715 2586 necin
727 2525 883 2588 chaldaica
896 2527 997 2589 locum
1010 2529 1120 2603 habet,
1137 2532 1196 2594 sed
1205 2534 1303 2598 solum

215 2614 248 2673 in
259 2613 364 2691 lingua
376 2627 491 2690 graeca,
506 2618 540 2670 ut
551 2610 712 2672 Africanus
717 2609 780 2688 jam
793 2611 866 2671 olim
884 2613 1058 2674 observavit
1069 2616 1202 2696 Origeni
1210 2638 1221 2693 ;
1233 2640 1302 2705 prc-

214 2697 288 2758 inde
312 2698 455 2758 Susannae
473 2695 601 2758 historio
611 2697 723 2774 scripta
739 2696 797 2756 luit
817 2713 937 2775 graece,
960 2710 1185 2777 consequenter
1202 2722 1300 2768 nona

215 2783 353 2846 Daniele.

251 2872 308 2928 Ast
322 2869 379 2927 iste
400 2866 564 2928 verborum
583 2865 665 2926 lusus
682 2872 728 2925 eet
744 2883 818 2944 opus
834 2867 1011 2946 interpretis
1022 2872 1126 2949 graeci.
1147 2872 1300 2941 Caetem

213 2971 284 3017 cum
298 2953 402 3021 nobis,
418 2960 452 3013 ut
467 2952 530 3029 jam
546 2951 663 3012 ludaeis
674 2958 813 3031 tempore
832 2952 990 3032 Origenis,
1012 2957 1136 3018 nomina
1154 2959 1300 3025 hebraica

214 3040 411 3120 plurimarum
431 3037 573 3097 arborum
590 3036 694 3116 ignota
718 3037 794 3108 sint,
816 3040 966 3113 nescitur,
989 3043 1112 3120 quinam
1134 3046 1298 3111 verborum

213 3123 295 3186 lmus
310 3124 342 3183 in
361 3123 465 3201 lingua
479 3121 623 3182 hebraica
640 3121 721 3182 inter
736 3124 861 3184 nomina
883 3126 1074 3204 praelatarum
1089 3131 1252 3208 arborum,
1267 3143 1298 3197 et

215 3212 308 3274 verba
320 3209 419 3271 mizdo
432 3218 464 3269 et
473 3227 536 3270 scoo
551 3208 652 3269 locum
667 3207 782 3269 hahere
795 3212 938 3288 potuerit.

248 3300 294 3359 Ex
303 3297 392 3359 dictis
401 3302 495 3373 patet,
505 3294 780 3372 quidsentiendum
787 3296 828 3356 sit
836 3295 876 3357 de
885 3301 1088 3361 recentiorum
1096 3307 1295 3382 quorumdam

213 3382 378 3450 sententie,
392 3381 446 3457 qui
458 3379 497 3440 ad
506 3377 838 3442 difficultateshistoriae
850 3383 994 3444 Susanuae
1004 3385 1296 3464 explicandanclsu-

214 3475 315 3538 munt,
327 3484 395 3528 eam
405 3483 470 3528 esse
480 3466 664 3545 parabolam.

271 3602 289 3667 ς
302 3603 423 3653 cxhvln.
436 3626 465 3639 -
476 3601 639 3651 Dllltcultates
653 3602 770 3652 adversus
781 3603 907 3653 historiam
917 3607 971 3654 llcli
980 3608 1007 3656 ct
1016 3603 1146 3658 Draconis.
1157 3624 1183 3662 e.
1194 3613 1234 3663 st.

247 3723 320 3779 ool.
334 3718 509 3779 Adversarii
528 3717 606 3778 hanc
623 3704 782 3779 historiam
795 3719 892 3797 (cont.
906 3737 938 3782 n.
953 3721 1025 3800 5l8)
1035 3723 1157 3786 Danieli
1176 3726 1287 3808 abJ'udi·

211 3813 330 3878 cantes,
342 3804 464 3884 ejusque
477 3805 637 3865 veritatem
647 3813 807 3885 negantes,
820 3814 975 3887 opponunt

249 3893 278 3952 l⁰
290 3892 379 3969 Quod
392 3891 450 3953 hoo
459 3899 549 3970 caput
563 3892 748 3953 inversione
762 3908 861 3970 graeca
873 3895 952 3954 LXX
967 3896 1170 3976 lntcvpretum
1184 3901 1283 3964 inseri

211 3977 313 4037 Dabitr:
324 3993 357 4036 Et
368 4007 503 4052 προσηπιας
513 3985 635 4052 Λμὸαιονμ
645 3985 692 4037 ὗιω
699 3994 766 4042 tneo
775 4009 797 4037 ax
807 4009 849 4046 της
866 3990 936 4055 pules
944 3997 1005 4052 Atat.
1015 3983 1291 4064 Exprophelt'ffltl·

212 4063 313 4125 moaci
325 4063 382 4135 dlii
392 4068 461 4127 ,lesu
473 4066 507 4124 de
520 4066 596 4124 trihu
610 4066 687 4136 Levi,
704 4073 736 4127 et
747 4067 832 4144 quod
844 4068 958 4147 primus
967 4085 1072 4132 versus
1084 4071 1117 4131 in
1130 4070 1185 4133 illa
1197 4079 1289 4135 trane
