2708 4846
224 491 271 542 566
632 484 679 532 us
698 479 904 532 tunnensis

222 624 240 695 ς
252 623 371 698 dcbvill.
379 645 409 659 -
419 623 457 672 lis
470 617 598 670 miraculis
609 616 641 668 ab
651 616 708 666 allis
720 613 882 676 evangelistis
891 609 1005 671 omissis,
1019 608 1048 661 ct
1060 608 1094 660 ab
1108 610 1166 661 ailla
1175 611 1294 662 mantis

260 756 332 812 tat.
349 753 468 833 Singuli
489 749 710 829 Evangelistae,
729 750 886 826 opponunt
911 743 1043 814 Deistae,
1062 759 1146 805 nova
1170 744 1296 808 miracala

222 841 371 911 referunt,
383 840 428 899 ita
438 845 473 898 ut
485 836 649 898 videantur
660 851 697 894 ea
707 832 906 910 excogitasse.

259 931 374 989 verum
385 931 434 987 est
449 924 585 1003 singulos
599 919 807 998 Evangelistas
818 915 958 977 camdem
977 914 1140 977 historiam
1155 918 1232 979 Jesn
1239 920 1298 981 aui·

222 1014 312 1086 bere;
335 1021 366 1074 at
382 1011 494 1090 singuli
515 1024 640 1086 scopum
656 1005 716 1066 sibi
735 1018 921 1085 proposuere
938 1000 1114 1072 diversum3
1134 1002 1169 1063 in
1186 1003 1299 1069 dirersis

221 1099 372 1178 scripsere
386 1092 638 1161 circumstantiis,
660 1097 692 1150 et
706 1105 763 1169 pro
781 1087 910 1148 diversis
926 1087 1047 1166 populis
1067 1087 1178 1164 (coni.
1195 1107 1225 1150 n.
1237 1090 1299 1165 tn,

221 1184 287 1258 aas,
297 1184 364 1256 ldd,
377 1182 444 1254 tet,
455 1179 521 1250 idi,
529 1177 606 1254 ibt).
619 1176 701 1236 Hinc
712 1179 836 1234 narrant
847 1188 884 1232 ea
896 1172 974 1233 iacta
984 1172 1192 1252 potissimum,
1200 1174 1300 1257 illaque

169 1340 177 1354 ,
222 1270 363 1349 adjuncta
379 1267 530 1335 referunt,
544 1279 613 1340 quae
633 1277 739 1321 eorum
756 1275 850 1338 scopo
865 1259 962 1336 magis
982 1260 1228 1335 conveniebant,
1242 1280 1300 1343 qu

222 1353 456 1419 circumstantie
469 1350 676 1430 postumiani,
690 1353 721 1406 ct
733 1363 801 1425 quae
820 1345 955 1423 populis,
967 1360 1024 1423 pro
1041 1346 1160 1422 quibus
1178 1352 1301 1428 prem

221 1441 413 1510 scribebant,
426 1436 523 1515 magis
535 1434 707 1494 necessaria
724 1438 811 1492 erant
820 1449 829 1501 ;
844 1447 937 1507 quare
948 1430 1061 1490 mirum
1079 1448 1145 1493 uon
1157 1437 1300 1515 ιαμβι

222 1525 362 1604 quaedam
384 1521 464 1602 apud
485 1537 579 1580 unum
598 1517 824 1596 Evangelistam
845 1515 1000 1594 legantur,
1023 1534 1095 1594 quae
1117 1520 1203 1599 apud
1219 1521 1300 1583 alin

221 1611 443 1674 desiderantur.
457 1606 595 1670 Christru
606 1603 742 1683 profecto
756 1603 852 1664 multo
868 1602 956 1680 plura
974 1600 1049 1663 lecit
1065 1620 1102 1666 ac
1113 1604 1212 1680 dixit,
1222 1625 1300 1688 qn

222 1716 289 1779 quac
303 1699 336 1759 in
348 1695 524 1775 Evangeliis
537 1692 739 1773 reperiuntur,
752 1698 787 1750 ut
799 1689 985 1766 caeteroquin
999 1690 1140 1753 loannes
1148 1693 1197 1766 il,
1206 1693 1300 1759 Stes·

221 1793 316 1857 tatnr3
330 1788 554 1860 consequenter
569 1779 595 1840 si
608 1778 676 1840 baec
688 1776 791 1837 omnia
802 1792 821 1836 a
833 1775 971 1853 quolibet
989 1775 1191 1856 Evangelista
1203 1780 1299 1843 littcis

222 1869 429 1952 consignanda
443 1868 586 1935 fuissent,
606 1864 680 1925 libri
702 1863 805 1943 magni
829 1860 1047 1924 conscribendi
1069 1863 1216 1940 fuissent,
1230 1869 1299 1947 qud

221 1957 424 2038 Evangelistae
441 1955 626 2016 noluerunt:
640 1948 963 2014 volueruntmundum
982 1959 1187 2026 convertere,
1204 1961 1235 2016 et
1247 1972 1298 2017 aon

221 2041 415 2103 multitudine
432 2039 580 2101 iactonnn
590 2053 627 2097 ac
638 2036 790 2099 dictomm
805 2037 881 2095 ,lesu
897 2034 929 2094 in
942 2033 1182 2100 admirationem
1193 2056 1298 2121 rapere.

223 2130 296 2189 iiaec
308 2142 420 2188 novam
430 2125 532 2185 lucem
545 2122 792 2200 exsequentibus
803 2119 1031 2180 mutuabuntur.

258 2213 419 2275 blattbaeus
430 2209 552 2291 scripsit
561 2208 751 2288 potissimum
764 2207 795 2267 in
810 2206 937 2285 gratiam
948 2206 1134 2269 tuscorum
1146 2210 1298 2272 Μαι

222 2299 274 2376 (ιι.
284 2297 377 2374 (Μ
391 2304 424 2355 ct
435 2295 508 2354 hinc
523 2293 553 2352 1⁰
566 2293 736 2354 summatim
747 2291 901 2352 dumtaxat
912 2289 1007 2351 refert
1018 2292 1296 2359 miraculaCbrisd:

221 2381 386 2445 cumcnim
403 2379 502 2439 Judaei
520 2377 690 2437 Palaestinae
707 2383 802 2437 testes
823 2375 934 2438 oculati
952 2393 988 2437 ac
1008 2378 1103 2439 auriti
1113 2380 1296 2445 ansatas

221 2473 322 2527 torum
331 2481 369 2525 ac
380 2463 531 2524 dictonnm
541 2463 561 2521 J
563 2478 627 2532 esu,
640 2460 748 2525 maluit
760 2462 919 2523 biatthaeus
931 2477 1038 2522 comm
1049 2467 1232 2529 memoriam
1240 2468 1298 2531 sm

221 2551 344 2632 pliciter
353 2548 433 2629 apud
440 2549 564 2609 Judaeos
574 2548 935 2626 conservare,quamipsa
944 2547 1297 2632 enucleatiusexpoucra

221 2636 254 2699 2⁰
275 2635 436 2697 bhcnaeus
453 2650 491 2695 ca
511 2632 665 2712 praecipnc
684 2638 806 2692 enarrat
825 2650 892 2710 quae
911 2632 1042 2712 analoga
1065 2642 1142 2696 sunt
1160 2637 1298 2699 vaticinia

220 2724 337 2786 veteris
349 2722 485 2783 Foederis
497 2720 536 2781 de
557 2719 684 2788 Massia,
695 2726 728 2778 ut
740 2719 783 2778 ita
797 2719 942 2798 probaret
959 2718 1078 2781 iudaeis
1096 2722 1206 2785 Joerrm
1219 2724 1298 2786 lima·

221 2827 329 2870 renum
348 2824 415 2870 esse
435 2807 578 2868 Messian
600 2822 620 2866 a
638 2805 798 2885 Prophetis
815 2804 1005 2884 praedictum.
1023 2807 1072 2867 Et·
1086 2825 1129 2870 en
1150 2808 1186 2871 in
1204 2810 1298 2891 quta

221 2894 382 2955 biattbaeus
397 2893 519 2954 diderat
532 2892 571 2951 ab
583 2891 651 2951 aliis
665 2890 885 2968 Evangelistis!
899 2889 1007 2966 (Coni.
1021 2909 1054 2953 n.
1065 2892 1137 2965 iso,
1146 2894 1216 2967 m,
1225 2894 1298 2967 tit.)

257 2977 377 3037 Marcus
387 2974 509 3054 scripsit
519 2973 657 3054 proxime
666 2990 722 3052 pro
736 2972 881 3033 Romanis
894 2973 944 3049 (u.
960 2972 1054 3051 i28);
1069 2982 1103 3037 et
1114 2974 1299 3041 binetus

220 3061 353 3141 sitplura
360 3060 437 3121 tacta
448 3066 480 3120 ct
488 3057 630 3138 adjuncta
639 3058 815 3139 prophetias
825 3059 939 3120 veteris
948 3059 1088 3121 lioederis
1098 3062 1298 3143 misissit&

220 3147 252 3208 2⁰
265 3146 427 3216 nonnulla,
441 3162 509 3223 quac
529 3163 548 3207 a
568 3147 607 3208 D.
621 3146 712 3206 Petro
729 3144 881 3215 audierat,
898 3145 978 3205 etin
999 3145 1151 3210 Matthaeo
1170 3148 1298 3215 dacum.

220 3232 340 3295 addidit
367 3240 420 3293 aut
440 3232 534 3293 fusius
560 3231 736 3310 descripsit;
762 3230 795 3290 5⁰
819 3231 921 3292 omnia
942 3231 1049 3310 dirigit
1074 3234 1119 3295 ad
1138 3238 1300 3317 scopans

219 3318 360 3382 ostendat
375 3317 530 3381 Christum
541 3335 609 3378 esse
619 3334 721 3377 rerum
731 3317 867 3378 omnium
877 3317 1042 3377 Dominum
1052 3317 1065 3395 (
1074 3336 1109 3381 ιι.
1120 3320 1213 3401 tas).

254 3407 352 3466 barcas
362 3421 450 3465 suum
463 3402 663 3481 Evangelium
673 3403 871 3483 proximepro
882 3402 1057 3465 Gentilibus
1066 3405 1300 3486 scripsit(a.8l)‚

220 3499 252 3553 et
263 3488 337 3551 hinc
347 3488 377 3548 Γ
391 3487 578 3549 enucleatius
590 3496 690 3548 narrat
696 3488 888 3549 nativitatem
896 3504 932 3549 ac
942 3486 1105 3550 infantiam
1118 3492 1214 3565 Jesu;
1222 3489 1301 3554 aas

219 3577 266 3640 dit
275 3577 379 3657 plures
387 3575 460 3635 vitae
470 3590 505 3635 ac
514 3573 662 3635 doctrine
671 3572 747 3639 Jesu
755 3575 1007 3648 circumstantias,
1020 3593 1096 3654 quas
1105 3578 1149 3639 ab
1159 3576 1301 3661 Apostoli

219 3672 251 3725 ct
261 3662 417 3744 discipulis
428 3663 504 3722 lesu
512 3660 674 3735 didicerat,
686 3669 719 3722 et
729 3680 797 3740 quae
808 3661 840 3721 in
850 3661 995 3723 Mattbaeo
1005 3679 1041 3724 ac
1051 3664 1160 3727 Marco
1170 3666 1301 3733 deame

218 3747 251 3808 δ’
259 3766 414 3830 proscopo
427 3747 489 3809 sibi
500 3747 658 3828 proposuit
669 3748 799 3827 probare
812 3749 919 3808 desum
930 3748 1122 3811 Nazarenum
1131 3766 1302 3816 asseverant

218 3835 323 3895 mundi
336 3834 518 3895 salvatorem
530 3832 582 3910 (ιι.
593 3832 650 3892 lsi
659 3834 688 3910 ),
700 3833 738 3894 ad
751 3851 842 3911 quem
854 3851 980 3911 scopum
991 3834 1097 3896 omnia
1108 3835 1230 3919 dirigit.

256 3921 390 3981 Joannes
406 3919 524 3980 voluit:
540 3917 570 3977 ι’
586 3920 730 4000 supplere
751 3937 820 3997 quas
836 3918 875 3980 ab
893 3919 961 3981 aliis
976 3921 1187 4002 Evangelistis
1205 3923 1303 3987 omissa

218 4001 349 4078 fucrant,
359 4005 528 4084 praesertim
540 4003 621 4065 circa
634 4004 756 4065 initium
766 4011 797 4064 et
808 4005 942 4085 primum
951 4020 1066 4067 annum
1084 4007 1304 4088 predicationis

219 4089 310 4162 Jcsu;
333 4106 427 4168 quare
446 4107 537 4169 quam
555 4089 686 4169 plurima
699 4089 777 4152 iacta
796 4091 835 4152 ab
851 4091 919 4153 aliis
944 4091 1154 4175 Evmgelistis
1175 4100 1303 4160 sumta
