2708 4846
473 516 660 564 Ltltltoltltlt
678 515 866 565 stelloltltli
1172 519 1220 568 tis

198 644 215 713 s
229 649 358 695 xxxviii.
369 672 399 684 -
409 649 503 698 textus
512 649 635 710 primitivi
644 652 836 713 ventorumque
846 663 905 701 usus
914 651 942 700 in
951 651 1033 701 studio
1043 653 1162 713 vulgata.

178 781 252 836 ott.
273 780 334 858 Qui
357 781 389 841 in
410 781 598 861 profundiori
621 782 785 860 Scripturae
806 799 898 844 sacrm
923 783 1023 844 studio
1046 785 1219 844 versionem

139 866 303 945 vulgatam
316 865 457 937 adhibet,
470 866 509 927 ad
522 874 637 928 textum
650 868 858 946 primitivum,
873 868 956 930 etad
972 877 1093 931 veteres
1104 870 1220 931 versio-

140 968 197 1013 nes
220 953 388 1030 praesertim
406 969 424 1012 c
442 958 526 1012 textu
546 954 711 1032 originario
728 952 903 1014 immediate
922 960 1072 1014 emanatas
1084 961 1221 1015 recurrat

139 1050 268 1094 necesse
281 1042 341 1105 est,
352 1034 382 1093 l⁰
390 1034 509 1112 quando
519 1036 657 1112 Vulgatae
665 1050 771 1095 sensus
782 1042 828 1095 est
836 1036 980 1095 obscurus
990 1041 1041 1093 aut
1049 1035 1218 1115 ambiguum

139 1119 173 1182 2⁰
190 1121 310 1198 quando
330 1139 434 1182 sensus
452 1123 620 1200 {Scriptoris
638 1121 716 1182 sacri
735 1121 792 1182 sub
808 1121 962 1182 idiotismo
981 1123 1032 1182 vel
1054 1122 1219 1201 proverbio

142 1206 283 1265 orientali
299 1206 387 1266 latet:
401 1206 433 1264 5⁰
446 1206 565 1283 quando
584 1205 623 1266 de
645 1207 871 1267 amanuensium
892 1207 943 1267 vel
962 1206 1220 1286 typographorum

140 1290 261 1351 mendis
273 1291 402 1369 suspicio
420 1293 533 1362 oritur;
545 1291 577 1350 lt⁰
587 1292 707 1370 quando
721 1298 813 1353 vo'ces
824 1298 922 1354 textus
934 1293 1082 1372 primitivi
1097 1293 1130 1353 in
1143 1294 1220 1354 vul·

141 1383 211 1453 gata
225 1385 386 1438 occurrunt
391 1397 401 1448 ;
415 1377 446 1438 5⁰
460 1378 578 1455 quando
591 1376 772 1456 significatio
781 1378 937 1438 nominum
948 1379 1139 1460 propriorum
1149 1378 1219 1441 loco
1251 1409 1254 1418 v
1332 1442 1341 1457 .

140 1460 249 1521 hormn
270 1464 424 1523 nominum
444 1464 543 1543 posita
560 1472 607 1525 est
626 1471 659 1524 ut
676 1465 765 1524 Prov.
783 1464 863 1538 50st
886 1466 982 1542 (conl.
997 1482 1028 1524 n.
1041 1465 1128 1542 296);
1142 1472 1173 1526 et
1185 1466 1217 1525 δ”

140 1547 261 1626 qundo
274 1549 402 1626 Vulgata
412 1549 618 1610 debitamvim
629 1568 690 1611 non
702 1549 807 1611 habet.

177 1634 249 1688 6¹5.
274 1633 437 1696 versiones
458 1653 562 1696 omnes
580 1635 778 1705 immediatae,
797 1636 929 1713 antiquae
946 1642 978 1695 et
993 1644 1134 1698 recentes
1158 1644 1219 1697 tes-

139 1724 243 1777 tantur
251 1720 400 1796 quomodo
413 1737 516 1780 earum
525 1727 663 1783 auctores
677 1726 794 1780 textum
811 1721 1008 1800 originarium
1019 1738 1074 1782 suo
1085 1739 1152 1782 aevo
1163 1721 1219 1781 ha-

139 1804 279 1873 buerint,
291 1821 326 1866 ac
339 1805 556 1866 intellexerint.

175 1891 398 1952 Auctoritatem
416 1907 556 1969 magnam
574 1890 690 1952 bahent
701 1891 761 1951 illae
770 1890 927 1952 versiones
938 1891 1090 1967 antiquae,
1108 1909 1176 1970 quae
1200 1909 1218 1952 e

138 1982 225 2038 textu
236 1977 404 2057 primitivo,
423 1978 563 2050 hebraeo,
577 1978 743 2050 chaldaico,
751 1985 783 2038 et
798 1994 914 2057 graeco,
928 1978 1029 2039 aviris
1039 1977 1147 2039 harum
1157 1978 1219 2039 lin·

138 2078 265 2140 guarum
277 2064 373 2143 probo
382 2067 485 2145 gnaris
494 2082 531 2126 eo
539 2064 869 2145 temporefquoglinguac
878 2065 944 2125 istae
954 2063 1216 2145 adhucvigebant
1278 2128 1283 2137 ,

138 2143 314 2206 immediate
327 2163 362 2207 ao
374 2146 505 2208 sollicite
519 2148 665 2207 coniectae
678 2154 758 2208 sunt.
771 2147 933 2207 Litterales
942 2149 1101 2210 versiones
1112 2149 1219 2208 immo-

138 2229 231 2291 diatae
240 2231 358 2293 caeteris
369 2238 527 2311 praestant,
540 2250 609 2293 cum
622 2233 789 2293 exhibeant
797 2234 947 2312 quomodo
957 2235 1142 2313 lntcrpretes
1151 2241 1219 2294 tex-

138 2321 205 2376 tum
217 2317 411 2396 originarium
423 2327 477 2379 'suo
487 2324 624 2397 tempore
636 2319 821 2391 invenerint,
829 2318 1004 2381 litteraliter
1012 2319 1216 2391 reddiderint,

138 2418 272 2480 quasque
282 2403 432 2465 lectiones
443 2421 460 2464 e
472 2404 760 2466 variantibusseouti
771 2405 842 2466 sint
852 2406 1018 2468 versiones
1027 2404 1217 2468 immediatas

135 2489 318 2565 praeminere
328 2488 469 2549 mediatis
480 2505 537 2568 per
549 2506 582 2549 sc
593 2488 701 2567 liquet.

174 2572 401 2636 Praestantiores
413 2575 507 2653 igitur
517 2574 673 2635 versiones
685 2575 718 2634 in
726 2575 924 2654 usuvulgatae
934 2574 1116 2636 adhibendae
1129 2581 1214 2636 sunt:

137 2657 170 2718 1⁰
183 2658 292 2721 versio
314 2659 536 2730 Alexandrina,
557 2661 637 2719 Lxx
658 2662 860 2740 interpretum
876 2668 983 2720 vocata
999 2658 1047 2734 (n.
1059 2660 1214 2735 metm),

136 2743 188 2805 cui
200 2744 340 2807 addenda
350 2754 419 2807 sunt
430 2745 597 2823 fragmenta
609 2744 746 2822 Aquila,
764 2743 985 2805 Theodotionis
998 2751 1031 2803 et
1042 2745 1214 2824 Symmachi

135 2831 186 2908 (u.
199 2829 356 2906 thabath
369 2832 401 2891 2⁰
414 2831 514 2892 versio
533 2830 713 2892 samaritana
733 2829 932 2891 Pentateucbi
950 2831 996 2908 (n.
1010 2830 1097 2907 599),
1114 2837 1145 2891 et
1160 2832 1216 2891 im·-

134 2913 243 2996 primis
256 2915 320 2997 ipse
329 2914 963 2994 Pentateuchussamaritanus(n.dddelih
976 2916 1214 2996 t⁰rarapnrases

135 2999 302 3063 chaldaicae
311 3001 841 3077 Onkett,ettonathaeattributaetn.
853 3001 938 3078 597);
950 3000 1214 3080 t‘versiosyriaoo

133 3085 278 3147 Peschito
290 3088 336 3165 (n.
349 3087 403 3149 toa
415 3092 446 3147 et
458 3086 544 3161 tot),
558 3088 684 3165 aliaeque
697 3089 853 3148 versiones
862 3105 935 3166 quas
947 3105 1000 3147 suo
1015 3089 1084 3149 loco
1098 3107 1116 3149 e
1130 3098 1214 3155 textu

133 3170 292 3251 primitivo
313 3172 487 3234 immediate
504 3173 625 3234 lluxisse
645 3173 784 3234 diximus.
801 3175 968 3234 versiones
985 3190 1058 3234 vero
1075 3176 1212 3254 antiquas

133 3264 281 3336 praestare
291 3259 464 3320 recentibus
475 3276 513 3319 ex
526 3276 562 3320 eo
575 3265 674 3339 patet,
688 3260 768 3337 quod
778 3266 877 3321 textus
889 3261 1071 3342 originarius
1082 3263 1212 3341 antiqui-

135 3350 185 3404 tus
196 3344 388 3423 paucioribus
399 3345 518 3407 mendis
527 3363 617 3424 quam
628 3345 719 3407 modo
732 3347 899 3408 laborabat.

173 3432 274 3509 Atque
287 3432 352 3493 boec
365 3432 404 3493 de
416 3434 517 3493 Textu
527 3434 698 3515 primitivo,
715 3434 868 3513 variisque
887 3435 1085 3498 versionibus
1104 3436 1212 3497 Libro-

132 3534 202 3579 rum
213 3520 530 3581 sacrorumsulliciant.
548 3521 654 3582 Finem
666 3522 912 3583 Hermeneuticae
929 3540 1022 3585 sacrae
1042 3523 1211 3605 imposituri

133 3605 239 3685 paucis
251 3604 290 3667 de
303 3603 466 3669 Scrioturae
478 3621 571 3668 sacrae
583 3607 735 3683 sensibus,
749 3610 941 3688 criteriisquo
953 3610 1211 3694 interpretationis

133 3704 268 3769 agemus.
