2708 4846
492 120 892 177 mnnonurrsteaonm
1182 120 1230 173 ’Β

94 144 108 171 .l

179 202 431 289 anabaptistae
440 212 525 275 annis
534 222 604 276 ante
613 214 766 278 Christum
776 212 1066 287 ennentabante
1074 212 1229 277 Christum

94 333 105 371 r
176 292 314 359 tieleoco
325 298 468 359 Nicatore
478 300 621 379 perlecta,
637 301 792 379 ampliata,
805 308 919 374 emam,
936 306 996 361 etc.
1015 306 1105 379 atque
1119 298 1228 363 latiore

94 419 101 459 ;
172 388 245 443 teau
254 380 376 443 condita
387 382 637 446 dieiaStrabone
649 404 711 446 non
721 386 840 465 potuit?

94 536 97 543 ,
199 462 337 529 Ceterum
361 470 429 547 quis
451 470 629 535 Strabonem
645 472 745 551 potius
757 489 846 549 quam
867 477 1019 533 auctorem
1031 471 1103 532 libri
1120 471 1227 535 Tobiae

163 546 235 697 ¹(ipset
246 554 654 637 infallibilemtpraesumptio
671 565 730 619 stat
748 558 882 638 prolecto
895 560 928 619 in
944 560 1079 621 torrorem
1097 562 1228 623 auctoris

176 636 350 702 'rITubiae

94 785 98 802 ,
189 724 219 785 2⁰
229 728 295 787 Nou
309 746 379 790 cum
387 730 537 791 versione
549 731 679 811 Vulgata
688 731 853 809 legendum
865 738 910 792 est
921 731 961 810 (e.
971 732 999 805 5,
1010 732 1040 808 7)
1053 734 1155 793 Soram
1165 736 1227 796 Ra·

158 808 244 885 goelis
255 808 348 869 saliam
360 812 510 873 habitasse
520 815 551 873 in
568 816 660 891 ltoqes
676 816 791 873 ciuitate
807 814 975 884 Moderatus,
990 815 1046 875 sed·
1056 834 1087 873 m
1098 818 1226 876 Ecbata-

155 894 194 954 tu's
204 896 320 957 Medio.
333 898 423 958 Enim
437 900 661 977 antiquissimus
675 908 772 961 textus
782 917 899 979 graecus
910 900 985 979 legit
996 920 1003 959 :
1014 925 1034 953 o
1045 902 1226 965 Ειΰατανοιςπισ

153 980 245 1046 naim,
258 984 290 1043 in
301 984 461 1046 Ecbatanis
472 988 579 1047 Mediae
584 1008 594 1057 ,·
612 986 653 1047 ita
664 988 742 1067 legit
757 989 880 1066 antiqua
891 990 991 1050 versio
1003 990 1098 1051 latina
1110 991 1227 1055 codicis

150 1070 340 1151 manuscripti
359 1073 390 1132 S.
418 1072 562 1133 Germani
580 1072 618 1133 de
638 1075 749 1146 Pratis3
772 1075 814 1134 ita
839 1073 968 1136 habetur
985 1076 1017 1136 in
1034 1079 1221 1143 versionibus

148 1152 296 1219 hebraicis
309 1158 397 1237 Fagii
409 1164 441 1217 et
452 1160 614 1231 hluusteri3
629 1162 713 1221 etita
725 1163 877 1242 reperitur
889 1162 921 1223 iu
942 1163 1083 1223 versione
1095 1166 1222 1242 syriaca.

179 1248 214 1313 C.
228 1250 262 1325 6,
275 1250 420 1332 dpariter
432 1253 594 1333 legendum
607 1262 653 1315 cst
664 1256 838 1325 Ecbatanis,
850 1274 918 1334 quac
936 1258 1042 1318 cadem
1058 1260 1131 1320 urbs
1151 1277 1224 1321 con-

144 1346 307 1413 sequenter
336 1338 431 1425 (9.9,
444 1337 484 1419 5)
508 1339 755 1417 subintelligitur,
778 1342 819 1401 ita
834 1349 867 1401 ut
883 1341 987 1417 junior
1003 1344 1131 1414 Tobias,
1155 1362 1225 1405 cum

108 1468 114 1485 .
143 1420 303 1485 Ecbatanis
314 1423 394 1503 apud
416 1425 582 1503 ltaguelem
599 1434 691 1497 essct,
704 1426 891 1503 Raphaclem
904 1428 935 1486 in
955 1427 1109 1488 civitatem
1125 1431 1224 1508 ltages

141 1508 259 1571 miserit
271 1510 310 1570 ad
324 1509 490 1582 Gabelum,
504 1512 556 1589 qui
565 1507 647 1589 juata
659 1528 686 1571 c.
699 1511 731 1581 lt,
742 1511 776 1570 al
792 1512 871 1572 eain
884 1512 960 1571 urbe
969 1512 1136 1573 habitabat.

175 1602 207 1663 δ’
219 1606 296 1665 llaee
308 1605 487 1666 simultanea
498 1605 640 1681 equidem
652 1604 875 1686 providentiam
887 1606 1071 1687 peculiarem
1083 1614 1227 1687 arguunt3

140 1686 193 1749 sod
205 1688 231 1748 si
244 1685 414 1764 hujusmodi
426 1688 651 1765 providentiam
666 1689 699 1747 in
716 1687 785 1747 aliis
803 1689 904 1751 Libris
916 1688 1008 1751 saeris
1020 1689 1220 1763 admittimus,

141 1790 194 1835 tur
205 1791 274 1835 eam
284 1774 337 1835 hic
351 1774 510 1835 admittere
524 1790 729 1845 recusaremus
738 1774 835 1834 tlorte
847 1784 976 1853 petetur,
991 1777 1058 1852 quis
1074 1775 1142 1837 finis
1156 1779 1220 1839 Dee

140 1856 249 1935 dignus
268 1856 302 1917 in
327 1855 385 1917 hac
403 1856 550 1936 peculiari
567 1855 760 1935 procidentia
781 1858 971 1937 reperiatur?
992 1858 1221 1938 Respondemus

139 1937 230 2001 huem
247 1942 340 2005 istum
355 1942 444 2002 tacilc
460 1958 544 2012 esse,
558 1948 593 2001 ut
603 1943 684 2003 Deus
696 1942 847 2021 insignem
863 1944 1009 2022 pietatem
1025 1962 1061 2005 ac
1078 1948 1221 2006 virtutem

140 2026 280 2093 eximiam
294 2028 473 2087 familiarum
484 2026 591 2087 Tobiae
601 2045 636 2088 ae
648 2029 729 2087 Sarae
741 2038 999 2103 remuneraretur,
1012 2049 1155 2114 suamque
1167 2050 1221 2112 pe-

138 2112 285 2173 culiarem
298 2130 370 2193 erga
382 2114 449 2193 pios
461 2113 632 2192 probosque
644 2132 746 2174 euram
758 2117 973 2177 manifestaret.

173 2198 205 2258 t⁰
217 2198 415 2261 Probandum
435 2200 655 2259 essetTobiaru
667 2218 734 2260 euru
751 2218 803 2261 sua
824 2201 937 2260 familia
960 2209 1097 2279 temporo
1113 2222 1218 2281 primae

138 2284 358 2367 deportationis
370 2287 426 2347 sub
436 2286 723 2365 Teglathphalasarc
738 2288 770 2346 in
784 2295 864 2347 terra
874 2286 1038 2365 b'ephthali
1051 2291 1152 2351 luisse.
1167 2305 1219 2351 aut

137 2372 224 2433 illum
243 2390 278 2435 se
297 2373 368 2435 huic
384 2372 588 2452 deportationi
602 2389 658 2449 per
669 2374 813 2452 praeviam
830 2372 931 2449 lugam
949 2389 1010 2431 non
1029 2373 1216 2436 subduxisse.

137 2456 265 2519 Constat
274 2466 344 2539 post
355 2459 482 2535 primam
494 2457 734 2536 deportationem
746 2458 802 2517 sub
815 2457 1113 2535 Teglathphalasare,
1126 2459 1217 2520 irnmo

137 2552 208 2623 post
222 2544 384 2605 secundam
397 2544 453 2605 sub
465 2545 685 2613 Salmauasare‚
698 2551 786 2620 atquc
800 2551 866 2621 post
879 2543 1116 2604 destructionem
1129 2546 1216 2624 regui

138 2629 273 2701 israelis,
291 2630 441 2691 Israelitas
455 2630 485 2690 in
502 2646 596 2707 reguo
611 2630 702 2689 lsrael
715 2630 820 2697 luisse,
835 2647 903 2687 crum
917 2630 1031 2700 Josias,
1043 2647 1098 2689 rex
1110 2632 1214 2703 Jmlre,

136 2714 1216 2795 pemmiasabillisaccepisselegaturllParalip.5't‚9.Curigituretiam

136 2798 254 2861 'lobias
270 2818 303 2863 se
320 2802 426 2883 primae
444 2801 647 2880 deportatioui
660 2800 716 2861 sub
732 2798 1019 2878 Teglatbphalasarc
1036 2799 1215 2863 subtrahere

135 2904 198 2949 non
212 2889 331 2969 potuit?
774 2896 776 2901 ’

171 2972 204 3033 3⁰
216 2974 433 3053 Apparitioues
446 2981 476 3034 et
489 2974 622 3035 actiones
633 2974 808 3051 tangelorruu
820 2970 875 3031 sub
892 2971 985 3032 iorrua
998 2972 1096 3034 aliena
1112 2973 1213 3047 iactae,

135 3076 198 3121 nou
217 3066 287 3121 sunt
303 3062 438 3121 actiones
460 3060 595 3121 humana.
629 3076 722 3137 quare
744 3060 856 3137 regulis
882 3058 1043 3120 ordinariis
1063 3061 1214 3121 actionum

134 3144 333 3207 humanarum
347 3164 406 3206 nou
416 3154 485 3207 suut
497 3146 656 3223 subjectae,
671 3147 725 3207 sed
737 3154 805 3207 scrut
819 3146 934 3207 ordinis
945 3148 1108 3225 superioris
1121 3166 1137 3207 a
1148 3150 1213 3207 Deo

135 3230 167 3293 in
178 3230 271 3293 sanem
279 3232 392 3293 horitan
400 3230 499 3308 jussa..
510 3234 590 3292 lliue
599 3250 667 3293 cum
680 3234 803 3310 augelus
817 3231 948 3309 lietphael
963 3234 993 3291 in
1004 3233 1214 3311 'solriaeJunio-

135 3318 177 3379 ris
187 3318 304 3379 bouum
317 3335 476 3395 personam
488 3319 618 3387 haurite,
632 3320 760 3377 Arioniae
774 3318 872 3395 magui
893 3316 945 3375 ilii
958 3363 965 3389 ,
980 3318 1134 3396 adsumpta
1149 3318 1213 3397 ejus

134 3404 241 3473 torma,
250 3406 384 3463 exterius
393 3422 456 3483 prm
468 3422 501 3465 se
515 3406 616 3473 terret,
627 3408 680 3479 se(
693 3421 720 3464 e.
729 3404 756 3473 δ,
773 3404 827 3477 ts)
840 3404 977 3463 haar-iam
987 3404 1090 3464 dicere
1102 3406 1210 3481 potuit;

134 3490 222 3567 (ed,
233 3490 275 3568 7)
289 3488 328 3549 de
346 3488 417 3549 tiliis
434 3490 524 3549 lsrael
533 3508 541 3558 ;
556 3490 604 3565 (c.
616 3489 648 3559 7,
661 3488 701 3568 5)
718 3489 757 3548 de
774 3488 853 3547 tribu
869 3488 1045 3566 Nephthali,
1059 3489 1107 3564 (e.
1119 3490 1160 3565 d)
1177 3503 1211 3553 se

133 3574 369 3638 itinerablediae
383 3573 556 3651 frequenter
567 3574 747 3645 ambtdasse,
762 3582 792 3633 et
803 3573 881 3653 apud
894 3574 1043 3639 Gabelauu
1054 3576 1209 3649 mansisse,

134 3672 171 3723 eo
184 3660 269 3741 quod
280 3660 354 3721 alias
363 3660 517 3740 adsumpto
527 3677 653 3740 ecirpore
663 3660 743 3738 jussa
752 3661 807 3721 Dei
821 3659 1054 3740 peragendopcr
1064 3662 1134 3723 istas
1145 3664 1209 3725 rias

131 3746 314 3819 incesserat,
327 3746 358 3809 ‘ot
369 3745 446 3827 apud
462 3746 608 3813 Gabolum
624 3744 862 3826 peinoetauerat.
877 3746 916 3807 Se
933 3761 1006 3807 vero
1023 3746 1137 3809 ibidem
1149 3748 1209 3811 lra-
