2708 4846
154 432 202 482 tao
566 430 610 476 ne
631 393 840 476 aurueurra

190 521 362 603 Discipulos
375 529 486 583 terram
498 521 670 591 suffodisse,
685 529 774 600 atque
786 522 830 580 ita
843 518 961 581 Christi
972 536 1084 598 corpus
1093 520 1170 582 clam
1180 541 1232 583 sor-

154 608 298 686 ripuisse‚
312 607 395 667 aliud
414 614 460 670 est
474 606 589 671 Christi
601 605 735 667 hostium
747 605 1002 669 deliramentum,
1021 605 1137 666 exinde
1151 609 1232 669 solnm

155 694 291 756 salsitatis
306 694 495 767 convictum,
516 693 598 771 quod
616 692 732 756 Christi
749 691 945 771 sepulchrum
962 691 1024 751 luit
1039 691 1071 750 in
1090 700 1189 770 petra,
1202 696 1232 756 ad

153 797 243 858 quam
252 777 464 858 perforandam
475 796 584 857 magno
599 787 751 860 tompore,
770 793 881 857 magno
893 777 1042 856 strepitu,
1058 785 1091 837 et
1104 779 1177 840 viris
1184 782 1232 840 mi·

154 866 235 930 nime
248 861 364 923 timidis
374 878 451 939 opus
462 861 580 923 luisset.

188 948 369 1011 Mendacem
379 947 577 1008 rumoremde
587 947 666 1007 tarto
673 947 790 1009 Christi
799 947 977 1026 corporisin
988 948 1101 1026 vulgus
1111 967 1231 1028 sparsum

152 1035 245 1099 baisse
266 1035 410 1113 equidem
430 1043 559 1097 testatur
582 1033 759 1105 Matthaeus3
781 1034 837 1096 sed
858 1034 952 1096 etiam
969 1035 1068 1095 refert
1087 1037 1232 1116 principes

150 1120 343 1183 sacerdotum
368 1137 559 1181 numerosam
581 1120 743 1197 pecuniam
767 1118 888 1180 dedisse
912 1119 1068 1180 militibus
1090 1121 1231 1200 sepulchri

151 1207 342 1277 custodibus,
366 1207 418 1284 qui
442 1207 504 1268 iilis
525 1205 640 1270 Christi
660 1206 916 1264 resurrectionem
944 1207 1183 1278 annuntiabant,
1204 1218 1231 1269 nt

151 1290 313 1351 veritatem
335 1289 533 1358 occultarent,
552 1295 584 1347 ot
608 1287 668 1347 hoc
693 1287 840 1348 monum
864 1287 1064 1351 mendacium
1084 1289 1120 1351 in
1136 1290 1230 1370 vulgn

152 1381 339 1454 spargerent.

177 1521 196 1589 3
208 1523 347 1572 ecbxxvt.
358 1547 390 1561 -
399 1523 437 1572 tle
448 1522 624 1585 apparentibus
635 1521 760 1582 antilogiis
769 1522 980 1583 Erangeiistamm
991 1523 1059 1573 cirea
1070 1526 1176 1580 merten
1185 1528 1208 1575 e

545 1589 754 1638 resurrectionem
767 1590 836 1639 lesu.

185 1728 258 1793 ott·
271 1724 540 1788 conmaculata
551 1724 694 1786 adserunt
709 1724 892 1787 relationem
902 1726 1183 1804 Evangelistarum,
1194 1731 1227 1792 do

149 1819 246 1876 morte
268 1821 301 1875 ot
320 1812 544 1877 resurrectione
564 1812 640 1873 Jcsu
660 1811 763 1890 plures
789 1811 948 1871 continere
972 1813 1153 1892 antilogias,
1165 1833 1227 1893 qua·

149 1905 276 1981 propter
297 1914 360 1960 uon
380 1914 436 1975 pro
458 1895 599 1966 historia,
621 1896 676 1957 scd
697 1914 753 1975 pro
771 1895 945 1956 narratione
963 1897 997 1955 in
1010 1900 1123 1978 vulgus
1138 1919 1227 1980 sparsa

148 1983 292 2050 habenda
311 1984 361 2045 sit
385 1982 565 2062 Huiusmodi
583 1988 764 2061 apparentes
780 1981 942 2059 antilogias
962 1982 996 2042 in
1014 2001 1112 2046 unum
1130 2004 1228 2066 corpus

147 2071 301 2149 congessit
317 2070 430 2148 impius
451 2086 633 2147 anonymus,
651 2069 737 2146 cujus
754 2069 921 2146 fragmenta
940 2070 1076 2150 Lessing
1096 2075 1227 2137 eoodico

148 2156 346 2231 Bibliothecae
357 2153 635 2238 Guelpberbytanae
647 2171 726 2217 anno
737 2153 809 2216 7777
818 2155 851 2216 in
862 2155 963 2221 lucem
973 2156 1078 2220 edidit
1092 2159 1113 2221 ¹.
1124 2163 1225 2224 heiste

146 2246 233 2307 aiunt

183 2326 215 2389 t⁰
236 2326 341 2388 Solum
361 2323 539 2383 Matthaeum
559 2325 644 2402 loqui
663 2325 704 2386 de
717 2325 854 2387 emeda
872 2326 1005 2390 militum
1024 2330 1117 2393 etde
1136 2335 1227 2410 sigillo

146 2411 291 2492 appositis
302 2408 399 2489 lapidi
411 2408 581 2484 sepulchri,
593 2418 656 2472 tres
668 2419 770 2472 autem
780 2412 855 2472 alios
866 2413 1082 2491 Evangelistas
1097 2419 1139 2480 do
1149 2422 1228 2484 lissi-

145 2497 226 2567 iere,
248 2494 323 2555 licet
344 2492 413 2555 haec
438 2493 500 2555 illis
519 2494 649 2556 evidens
674 2504 885 2575 argumentum
905 2504 1147 2568 resurrectionis
1161 2509 1228 2570 iem

144 2581 361 2667 prebuissent,
380 2579 493 2649 aivam
505 2579 641 2643 baissent.

181 2670 298 2730 Verum
322 2665 391 2728 haec
414 2682 479 2726 non
499 2666 630 2745 probant
657 2674 719 2729 tros
742 2669 820 2730 alios
841 2670 1055 2748 Evangelistas
1094 2675 1228 2752 adiuncta

143 2751 251 2825 isthaec
263 2750 428 2828 ignorasse.
443 2748 617 2810 hialuerunt
627 2750 830 2829 Evangeliatae
843 2751 988 2829 adlegare
1004 2759 1167 2834 proprium
1177 2767 1228 2822 trs

144 2837 318 2906 timonium,
329 2840 361 2895 et
370 2834 474 2896 dicere
486 2853 493 2892 :
505 2835 568 2896 Nos
576 2836 730 2898 Christum
741 2835 914 2897 redivivum
922 2837 1072 2913 vidimus,
1092 2861 1151 2906 nos
1165 2862 1227 2906 eun

143 2940 181 2991 eo
196 2927 413 3001 postmortem
433 2919 573 2982 redivivo
588 2921 761 2982 conversati
779 2921 903 2994 brinius,
917 2940 955 2985 eo
975 2925 1060 3002 quod
1079 2930 1226 3010 principes

142 3005 334 3075 secerdotum
367 3005 526 3073 mendacia
564 3005 604 3066 de
634 3006 713 3067 iurto
749 3006 877 3095 chtisti
891 3011 1029 3088 corporis
1063 3014 1099 3075 in
1127 3015 1225 3096 vulgus

141 3112 157 3156 t
245 3100 323 3160 canc

156 3108 251 3237 ”ffi-
262 3177 296 3239 2⁰
308 3180 435 3251 Dicunt,
457 3179 483 3239 si
496 3178 596 3240 aditus
605 3178 760 3258 sepulchri
772 3180 872 3260 sigillo
887 3183 1039 3255 munitus,
1052 3194 1086 3247 et
1096 3187 1224 3251 omtodta

59 3256 64 3268 '
140 3264 273 3333 militum
294 3280 433 3326 cavernae
453 3263 638 3342 sepulchrali
661 3266 799 3344 apposita
822 3265 942 3340 inisset,
972 3277 1067 3348 atque
1093 3273 1223 3338 Christus

141 3350 320 3412 miraculose
335 3350 565 3426 resurrexisset,
586 3351 770 3427 Synedrium
790 3352 830 3413 de
850 3355 981 3416 veritate
993 3362 1223 3427 resurrectionis

139 3434 254 3505 Christi
267 3435 392 3503 omnino
404 3435 578 3496 convictum
592 3454 658 3498 esse
673 3438 838 3501 debuisset.

175 3523 237 3587 sed
250 3522 343 3594 etiam
354 3520 529 3583 convictum
541 3523 611 3594 tuit,
627 3531 658 3585 et
670 3523 744 3587 binc
761 3527 826 3603 ejus
838 3527 994 3606 principes
1013 3530 1087 3597 daia
1099 3534 1221 3613 pecmia

139 3609 1220 3778 ihtiitiiiiiii’iiiltitihiiitiatid

168 3843 278 3894 {Auctor
291 3845 381 3894 horum
394 3845 588 3906 fngmentorum
603 3860 657 3896 ease
668 3849 769 3898 ridchrr
778 3851 885 3900 ioannes
894 3852 1047 3905 Laurentius
1056 3857 1170 3908 Sebnid.
1180 3860 1219 3906 iiie

123 3925 203 3972 ,anno
213 3915 274 3962 irat
282 3914 431 3962 Warthomii
444 3915 472 3962 in
485 3915 567 3965 lucem
582 3916 661 3966 edidit
670 3918 868 3968 Pentateuchum
883 3918 910 3968 in
927 3923 1000 3979 ciuus
1015 3927 1163 3984 praelatione
1177 3929 1220 3976 ita·

137 3981 291 4032 tentanum
300 3981 442 4042 profitetur3
458 3997 535 4044 quare
553 3986 580 4035 iu
596 3998 722 4035 carcerom
732 3987 860 4047 conjectus
877 3989 938 4050 tuit,
951 4004 966 4038 e
981 4005 1033 4052 quo
1045 3995 1168 4046 libemm
1179 3996 1221 4045 ob.

137 4060 209 4099 sture
218 4048 281 4097 obiit
288 4050 469 4112 Gueipherbyti
480 4053 672 4114 (wollenbiittel
679 4053 699 4117 ).
