2708 4846
135 415 156 467 ’Β
572 419 618 470 nu
632 418 770 471 clitonis

138 501 406 590 editionom'ipuam
417 502 742 592 potuit'exactissimam
752 511 934 590 procuravit.
945 506 1098 570 obsoletis
1107 522 1129 566 u

137 617 205 661 rum
217 601 354 662 locorum
368 599 543 660 nominibus
556 598 675 660 notiora
688 597 856 668 substituit,
871 597 972 657 omnia
986 612 1023 655 ex
1038 593 1129 655 ordin

136 680 244 765 gessit,
261 693 352 764 atque
369 687 404 747 in
423 685 563 747 omnibus
583 685 684 747 Libris
700 684 793 745 sacris
810 683 965 744 veteribus
984 681 1129 742 character

136 773 289 835 hebraicis
304 773 490 844 chaldaicos,
506 772 616 848 quibus
631 770 729 832 Judaei
744 779 880 848 tempore
895 768 1076 846 captivitatis
1091 785 1129 846 sep

136 859 220 937 ginta
238 875 385 920 annorum
404 858 619 929 adsueverant,
636 859 721 937 juxta
735 871 924 917 communem
942 852 1129 914 eruditorum

135 943 273 1017 trionem,
286 945 457 1006 substituit.
478 944 673 1005 Arbitrantur
691 950 793 1003 tamen
812 941 964 1012 nonnulli,
981 939 1129 1000 Canoncm

136 1027 270 1089 daeorrnn
283 1038 355 1090 ante
369 1028 612 1090 blachabaeorum
627 1035 763 1108 tempora
776 1027 874 1088 tribus
888 1033 939 1085 aut
953 1033 1079 1102 quatuor
1092 1043 1129 1085 sae

136 1112 372 1176 antechristum
381 1114 420 1175 ab
431 1120 552 1174 auctore
563 1114 680 1174 incerto
694 1112 906 1174 concinnatum
920 1112 1019 1170 iuuisse.
1031 1109 1127 1171 Conie

137 1196 329 1276 clausumque
339 1215 487 1260 canonem
496 1200 654 1276 synagoga
664 1197 851 1276 approbavit.
857 1197 966 1256 Libros
975 1212 1059 1266 vero,
1074 1196 1125 1270 qui

137 1280 300 1362 eonicripti
315 1291 367 1343 aut
380 1283 493 1344 detecti
508 1283 643 1355 fuerunt,
655 1300 690 1343 ac
699 1284 879 1361 fragmenta,
894 1299 961 1358 quae
971 1282 1003 1339 in
1014 1281 1129 1359 amplior

136 1368 265 1430 detectis
283 1369 441 1430 codicibus
454 1369 589 1429 Danielis
608 1386 643 1430 ac
655 1369 790 1430 Estheris
803 1369 929 1430 inventa
947 1375 1032 1440 sunt,
1047 1367 1129 1428 nolu<

136 1448 506 1525 Judaen'innovationum
523 1453 740 1527 inimicissimi,
760 1455 869 1516 canoni
889 1455 1041 1526 inserere,
1064 1455 1129 1514 uei

136 1537 339 1600 immutarent.

146 1658 151 1666 ·
171 1623 399 1685 Distribuebant
413 1624 513 1686 Judaei
532 1631 625 1686 totam
640 1641 756 1687 sacram
769 1625 952 1705 scripturam
966 1619 999 1684 in
1009 1625 1119 1704 viginti

136 1707 246 1781 libros,
260 1708 344 1787 juxta
358 1727 516 1771 numerum
528 1710 697 1772 litierarrnu
713 1712 760 1772 sui
774 1711 938 1793 alphabeti.
953 1712 1129 1772 Nonnullitt

136 1801 310 1874 separantes
318 1795 430 1857 librum
444 1795 525 1856 nuth
535 1797 640 1857 alibro
651 1797 809 1870 iudicum,
820 1798 1129 1858 acLamentationesss

136 1880 206 1940 miae
218 1879 257 1940 ab
267 1879 332 1956 ejus
340 1879 518 1959 Prophetia,
531 1883 731 1942 nmnerabant
743 1882 840 1942 libros
854 1881 964 1961 viginti
978 1886 1129 1962 quatu0r‚j

136 1980 272 2024 normam
280 1963 435 2041 alphabeti
445 1966 689 2044 graeci¹,quodet
700 1975 837 2029 auctores
843 1968 1018 2028 Thmmudis
1027 1969 1129 2029 secuti

172 2049 219 2108 En
236 2064 296 2126 qua
309 2049 428 2108 ratione
438 2051 559 2111 Flavius
568 2053 718 2131 Joscphus
731 2054 815 2128 (Lib.
827 2055 854 2125 l,
865 2055 917 2128 §8-
928 2061 1032 2116 contm
1040 2056 1129 2134 Apior

137 2132 245 2194 Libros
255 2148 356 2194 sacros
364 2132 450 2211 juxta
461 2135 661 2196 Hebraeomm
671 2156 759 2200 usum
769 2136 944 2201 recenseat.⁴

525 2260 549 2308 1.
564 2260 675 2312 Genesis.

236 2327 261 2378 11.
271 2327 338 2376 Libri
347 2328 434 2389 bloysls
524 2333 549 2381 2.
565 2335 671 2384 Euodus.

317 2414 361 2450 seu
523 2408 548 2455 ὅ.
564 2408 698 2459 beriticus.

272 2476 459 2529 Pentateuchus.
523 2480 548 2529 1.
563 2482 673 2531 Numeri.

523 2555 547 2601 t.
564 2553 792 2606 Deuteronomium.

521 2627 546 2673 l.
562 2627 644 2676 Josue.

520 2698 546 2746 2.
562 2699 660 2748 ludices
671 2701 783 2750 ethuih.
799 2701 806 2715 ⁶

521 2772 546 2819 5.
562 2772 628 2820 niori
637 2773 757 2823 Samuelis
766 2775 790 2822 2.

520 2843 546 2892 lt.
562 2845 629 2892 Libri
639 2847 733 2907 Regum
743 2847 767 2895 2.

522 2918 545 2965 b.
562 2918 629 2966 Libri
639 2920 839 2980 Paralipomenon
848 2918 876 2970 P.

147 3044 149 3048 λ
521 2991 546 3040 6.
562 2993 649 3042 Esdrn
659 2994 834 3062 cillebemias.¹

221 3072 259 3124 15.
269 3072 451 3138 rophetarum.
521 3065 546 3114 ⁷·
562 3066 657 3116 renes.

520 3140 546 3188 8.
563 3141 645 3189 haias.

522 3213 547 3261 9.
563 3215 682 3263 ieremias
693 3217 719 3265 et
728 3216 932 3270 Lamentationes.

508 3287 547 3336 10.
563 3288 685 3336 Ezechiel.

507 3362 548 3408 11.
565 3362 662 3409 Daniel.

508 3435 546 3483 tu.
562 3436 689 3496 Propheta
700 3437 806 3490 minores
816 3441 854 3492 12.

508 3508 548 3555 io.
562 3509 617 3559 lob.
762 3511 765 3521 '

523 3583 546 3645 1,
563 3584 661 3635 Psalmi.

508 3719 511 3724 .
522 3659 545 3706 2.
561 3661 691 3712 Proverbla
701 3663 844 3717 Salomonls.

522 3734 546 3781 5.
563 3737 728 3788 Ecclesiastes.

521 3806 545 3854 1.
561 3810 687 3863 emotum
696 3813 857 3868 cantieorum

448 3875 561 3897 *u—

499 3907 545 3969 22.

170 4020 252 4078 'rue
261 4023 330 4079 uter.
340 4025 368 4081 lu
375 4028 476 4097 Proloeo
484 4031 589 4095 zelote.

234 3686 259 3740 1.
270 3689 388 3742 Aliorum.
