<?xml version="1.0" encoding="UTF-8"?>
<!DOCTYPE html PUBLIC "-//W3C//DTD XHTML 1.0 Transitional//EN"
    "http://www.w3.org/TR/xhtml1/DTD/xhtml1-transitional.dtd">
<html xmlns="http://www.w3.org/1999/xhtml" xml:lang="en" lang="en">
 <head>
  <title>
</title>
<meta http-equiv="Content-Type" content="text/html;charset=utf-8" />
  <meta name='ocr-system' content='tesseract 3.04.00' />
  <meta name='ocr-capabilities' content='ocr_page ocr_carea ocr_par ocr_line ocrx_word'/>
</head>
<body>
  <div class='ocr_page' id='page_1' title='image "./hermeneuticasac00jansgoog_0167.png"; bbox 0 0 2708 4846; ppageno 0'>
   <div class='ocr_carea' id='block_1_1' title="bbox 213 444 890 541">
    <p class='ocr_par' dir='ltr' id='par_1_1' title="bbox 213 444 890 541">
     <span class='ocr_line' id='line_1_1' title="bbox 213 444 890 541; baseline 0.006 -16"><span class='ocrx_word' id='word_1_1' title='bbox 213 444 264 541; x_wconf 53' lang='grc' dir='ltr'><strong>ἰῷ,</strong></span> <span class='ocrx_word' id='word_1_2' title='bbox 541 444 546 457; x_wconf 69' lang='grc'>’</span> <span class='ocrx_word' id='word_1_3' title='bbox 621 452 669 534; x_wconf 76' lang='lat' dir='ltr'><strong>bn</strong></span> <span class='ocrx_word' id='word_1_4' title='bbox 685 478 890 534; x_wconf 82' lang='lat' dir='ltr'><strong>xunnsnrrx</strong></span> 
     </span>
    </p>
   </div>
   <div class='ocr_carea' id='block_1_2' title="bbox 152 571 1346 3579">
    <p class='ocr_par' dir='ltr' id='par_1_2' title="bbox 215 571 1297 662">
     <span class='ocr_line' id='line_1_2' title="bbox 215 571 1297 662; baseline -0.012 -15"><span class='ocrx_word' id='word_1_5' title='bbox 215 583 297 647; x_wconf 85' lang='lat' dir='ltr'><strong>iloin</strong></span> <span class='ocrx_word' id='word_1_6' title='bbox 317 582 437 662; x_wconf 85' lang='lat' dir='ltr'>Moyses</span> <span class='ocrx_word' id='word_1_7' title='bbox 457 580 502 640; x_wconf 89' lang='lat' dir='ltr'><strong>ait</strong></span> <span class='ocrx_word' id='word_1_8' title='bbox 523 578 631 658; x_wconf 84' lang='lat' dir='ltr'><strong>(Exod.</strong></span> <span class='ocrx_word' id='word_1_9' title='bbox 644 578 678 649; x_wconf 82' lang='grc'><strong>7,</strong></span> <span class='ocrx_word' id='word_1_10' title='bbox 690 576 752 653; x_wconf 67' lang='lat' dir='ltr'><strong>tl),</strong></span> <span class='ocrx_word' id='word_1_11' title='bbox 769 573 933 655; x_wconf 79' lang='lat' dir='ltr'><strong>AEgyptios</strong></span> <span class='ocrx_word' id='word_1_12' title='bbox 948 571 1060 637; x_wconf 79' lang='lat' dir='ltr'><strong>fodisse</strong></span> <span class='ocrx_word' id='word_1_13' title='bbox 1075 574 1297 657; x_wconf 81' lang='lat' dir='ltr'><strong>puteosprope</strong></span> 
     </span>
    </p>

    <p class='ocr_par' dir='ltr' id='par_1_3' title="bbox 217 661 966 749">
     <span class='ocr_line' id='line_1_3' title="bbox 217 661 966 749; baseline -0.015 -18"><span class='ocrx_word' id='word_1_14' title='bbox 217 670 333 741; x_wconf 87' lang='lat' dir='ltr'><strong>Nilum;</strong></span> <span class='ocrx_word' id='word_1_15' title='bbox 347 683 440 749; x_wconf 88' lang='lat' dir='ltr'><strong>quare</strong></span> <span class='ocrx_word' id='word_1_16' title='bbox 454 666 527 728; x_wconf 87' lang='lat' dir='ltr'><strong>inde</strong></span> <span class='ocrx_word' id='word_1_17' title='bbox 542 681 649 745; x_wconf 87' lang='lat' dir='ltr'><strong>aquam</strong></span> <span class='ocrx_word' id='word_1_18' title='bbox 663 680 770 744; x_wconf 92' lang='lat' dir='ltr'><strong>puram</strong></span> <span class='ocrx_word' id='word_1_19' title='bbox 784 661 966 722; x_wconf 88' lang='lat' dir='ltr'><strong>habuerunt.</strong></span> 
     </span>
    </p>

    <p class='ocr_par' dir='ltr' id='par_1_4' title="bbox 211 745 1346 1604">
     <span class='ocr_line' id='line_1_4' title="bbox 211 745 1294 851; baseline -0.006 -33"><span class='ocrx_word' id='word_1_20' title='bbox 211 757 214 761; x_wconf 82' lang='lat'>&#39;</span> <span class='ocrx_word' id='word_1_21' title='bbox 252 757 285 818; x_wconf 75' lang='lat'><strong>2⁰</strong></span> <span class='ocrx_word' id='word_1_22' title='bbox 299 755 364 837; x_wconf 81' lang='lat' dir='ltr'><strong>obj.</strong></span> <span class='ocrx_word' id='word_1_23' title='bbox 376 755 496 826; x_wconf 88' lang='lat' dir='ltr'><strong>Dicunt,</strong></span> <span class='ocrx_word' id='word_1_24' title='bbox 509 749 695 831; x_wconf 78' lang='lat' dir='ltr'><strong>juxtalixod.</strong></span> <span class='ocrx_word' id='word_1_25' title='bbox 709 747 750 827; x_wconf 83' lang='lat' dir='ltr'><strong>(a,</strong></span> <span class='ocrx_word' id='word_1_26' title='bbox 765 747 825 826; x_wconf 67' lang='lat' dir='ltr'><strong>oo)</strong></span> <span class='ocrx_word' id='word_1_27' title='bbox 843 765 900 829; x_wconf 90' lang='lat' dir='ltr'><strong>per</strong></span> <span class='ocrx_word' id='word_1_28' title='bbox 915 747 1050 847; x_wconf 84' lang='lat' dir='ltr'><strong>quintam</strong></span> <span class='ocrx_word' id='word_1_29' title='bbox 1068 745 1190 829; x_wconf 80' lang='lat' dir='ltr'><strong>plagam</strong></span> <span class='ocrx_word' id='word_1_30' title='bbox 1205 754 1294 851; x_wconf 69' lang='lat' dir='ltr'><strong>peste</strong></span> 
     </span>
     <span class='ocr_line' id='line_1_5' title="bbox 215 835 1292 915; baseline -0.008 -9"><span class='ocrx_word' id='word_1_31' title='bbox 215 851 332 907; x_wconf 90' lang='lat' dir='ltr'><strong>mortua</strong></span> <span class='ocrx_word' id='word_1_32' title='bbox 349 846 417 915; x_wconf 80' lang='lat' dir='ltr'><strong>stunt</strong></span> <span class='ocrx_word' id='word_1_33' title='bbox 429 839 526 902; x_wconf 81' lang='lat' dir='ltr'><strong><em>onmia</em></strong></span> <span class='ocrx_word' id='word_1_34' title='bbox 542 836 703 897; x_wconf 69' lang='lat' dir='ltr'><strong>animantia</strong></span> <span class='ocrx_word' id='word_1_35' title='bbox 714 835 943 915; x_wconf 71' lang='lat' dir='ltr'><strong>AEgyptiorum</strong></span> <span class='ocrx_word' id='word_1_36' title='bbox 962 850 1032 912; x_wconf 80' lang='lat' dir='ltr'><strong>equi</strong></span> <span class='ocrx_word' id='word_1_37' title='bbox 1049 850 1179 914; x_wconf 82' lang='lat' dir='ltr'><strong>nempe,</strong></span> <span class='ocrx_word' id='word_1_38' title='bbox 1199 850 1292 911; x_wconf 76' lang='lat' dir='ltr'><strong>asom,</strong></span> 
     </span>
     <span class='ocr_line' id='line_1_6' title="bbox 214 918 1293 1000; baseline -0.013 -7"><span class='ocrx_word' id='word_1_39' title='bbox 214 930 321 999; x_wconf 84' lang='lat' dir='ltr'><strong>boves,</strong></span> <span class='ocrx_word' id='word_1_40' title='bbox 333 934 407 997; x_wconf 90' lang='lat' dir='ltr'><strong>ete.;</strong></span> <span class='ocrx_word' id='word_1_41' title='bbox 421 943 510 988; x_wconf 79' lang='lat' dir='ltr'><strong>versu</strong></span> <span class='ocrx_word' id='word_1_42' title='bbox 522 923 558 983; x_wconf 90' lang='lat' dir='ltr'><strong>l0</strong></span> <span class='ocrx_word' id='word_1_43' title='bbox 568 929 669 983; x_wconf 88' lang='lat' dir='ltr'><strong>autem</strong></span> <span class='ocrx_word' id='word_1_44' title='bbox 679 921 803 1000; x_wconf 89' lang='lat' dir='ltr'><strong>legitur,</strong></span> <span class='ocrx_word' id='word_1_45' title='bbox 815 937 873 999; x_wconf 90' lang='lat' dir='ltr'><strong>per</strong></span> <span class='ocrx_word' id='word_1_46' title='bbox 887 926 1001 981; x_wconf 80' lang='lat' dir='ltr'><strong>sextam</strong></span> <span class='ocrx_word' id='word_1_47' title='bbox 1013 918 1132 998; x_wconf 86' lang='lat' dir='ltr'><strong>plagam</strong></span> <span class='ocrx_word' id='word_1_48' title='bbox 1140 921 1223 984; x_wconf 82' lang='lat' dir='ltr'><strong>iacta</strong></span> <span class='ocrx_word' id='word_1_49' title='bbox 1233 942 1293 986; x_wconf 71' lang='lat' dir='ltr'><strong>esee</strong></span> 
     </span>
     <span class='ocr_line' id='line_1_7' title="bbox 214 1005 1292 1087; baseline -0.003 -11"><span class='ocrx_word' id='word_1_50' title='bbox 214 1015 313 1076; x_wconf 78' lang='lat' dir='ltr'><strong>ulcera</strong></span> <span class='ocrx_word' id='word_1_51' title='bbox 331 1014 491 1074; x_wconf 78' lang='lat' dir='ltr'><strong><em>vesicarum</em></strong></span> <span class='ocrx_word' id='word_1_52' title='bbox 512 1008 683 1087; x_wconf 83' lang='lat' dir='ltr'><strong>turgentium</strong></span> <span class='ocrx_word' id='word_1_53' title='bbox 702 1009 734 1066; x_wconf 87' lang='lat' dir='ltr'><strong>ia</strong></span> <span class='ocrx_word' id='word_1_54' title='bbox 751 1005 911 1066; x_wconf 76' lang='lat' dir='ltr'><strong>hominibus</strong></span> <span class='ocrx_word' id='word_1_55' title='bbox 923 1013 951 1065; x_wconf 89' lang='lat' dir='ltr'><strong>et</strong></span> <span class='ocrx_word' id='word_1_56' title='bbox 959 1006 1113 1085; x_wconf 74' lang='lat' dir='ltr'><strong>jumentis.</strong></span> <span class='ocrx_word' id='word_1_57' title='bbox 1125 1007 1223 1071; x_wconf 81' lang='lat' dir='ltr'><strong>Unde</strong></span> <span class='ocrx_word' id='word_1_58' title='bbox 1234 1010 1292 1073; x_wconf 81' lang='lat' dir='ltr'><strong>isle</strong></span> 
     </span>
     <span class='ocr_line' id='line_1_8' title="bbox 213 1090 1291 1179; baseline -0.004 -16"><span class='ocrx_word' id='word_1_59' title='bbox 213 1101 364 1179; x_wconf 86' lang='lat' dir='ltr'><strong>jumenta,</strong></span> <span class='ocrx_word' id='word_1_60' title='bbox 378 1115 446 1160; x_wconf 81' lang='lat' dir='ltr'><strong>erun</strong></span> <span class='ocrx_word' id='word_1_61' title='bbox 457 1113 547 1158; x_wconf 87' lang='lat' dir='ltr'><strong>versu</strong></span> <span class='ocrx_word' id='word_1_62' title='bbox 558 1095 576 1155; x_wconf 89' lang='grc'><strong>6</strong></span> <span class='ocrx_word' id='word_1_63' title='bbox 589 1093 689 1153; x_wconf 90' lang='lat' dir='ltr'><strong>emnia</strong></span> <span class='ocrx_word' id='word_1_64' title='bbox 701 1099 788 1173; x_wconf 88' lang='lat' dir='ltr'><strong>peste</strong></span> <span class='ocrx_word' id='word_1_65' title='bbox 803 1090 929 1168; x_wconf 88' lang='lat' dir='ltr'><strong>periisse</strong></span> <span class='ocrx_word' id='word_1_66' title='bbox 941 1090 1099 1153; x_wconf 78' lang='lat' dir='ltr'><strong>dieantur?</strong></span> <span class='ocrx_word' id='word_1_67' title='bbox 1114 1093 1223 1170; x_wconf 89' lang='lat' dir='ltr'><strong>Unde,</strong></span> <span class='ocrx_word' id='word_1_68' title='bbox 1236 1096 1291 1160; x_wconf 79' lang='lat' dir='ltr'><strong>ad·</strong></span> 
     </span>
     <span class='ocr_line' id='line_1_9' title="bbox 216 1175 1292 1262; baseline -0.007 -16"><span class='ocrx_word' id='word_1_69' title='bbox 216 1186 300 1256; x_wconf 91' lang='lat' dir='ltr'><strong>dunt,</strong></span> <span class='ocrx_word' id='word_1_70' title='bbox 309 1183 514 1262; x_wconf 83' lang='lat' dir='ltr'><strong>illajumenta‚</strong></span> <span class='ocrx_word' id='word_1_71' title='bbox 523 1196 588 1259; x_wconf 78' lang='lat' dir='ltr'><strong>que</strong></span> <span class='ocrx_word' id='word_1_72' title='bbox 596 1177 734 1240; x_wconf 90' lang='lat' dir='ltr'><strong>versibus</strong></span> <span class='ocrx_word' id='word_1_73' title='bbox 743 1175 895 1255; x_wconf 66' lang='lat' dir='ltr'><strong>l9-iiper</strong></span> <span class='ocrx_word' id='word_1_74' title='bbox 904 1176 1061 1253; x_wconf 88' lang='lat' dir='ltr'><strong>septimam</strong></span> <span class='ocrx_word' id='word_1_75' title='bbox 1071 1177 1292 1261; x_wconf 82' lang='lat' dir='ltr'><strong>plagamgran-</strong></span> 
     </span>
     <span class='ocr_line' id='line_1_10' title="bbox 216 1262 1290 1351; baseline -0.008 -19"><span class='ocrx_word' id='word_1_76' title='bbox 216 1262 1290 1351; x_wconf 70' lang='lat' dir='ltr'><strong>dineperculsaesselegunturlUndeveneruntillaprimogeaitajosmea</strong></span> 
     </span>
     <span class='ocr_line' id='line_1_11' title="bbox 217 1348 1346 1433; baseline 0 -17"><span class='ocrx_word' id='word_1_77' title='bbox 217 1365 311 1419; x_wconf 72' lang='lat' dir='ltr'><strong>anem</strong></span> <span class='ocrx_word' id='word_1_78' title='bbox 322 1354 548 1433; x_wconf 77' lang='lat' dir='ltr'><strong>AEgyptiorum,</strong></span> <span class='ocrx_word' id='word_1_79' title='bbox 562 1367 628 1428; x_wconf 86' lang='lat' dir='ltr'><strong>quae</strong></span> <span class='ocrx_word' id='word_1_80' title='bbox 641 1365 698 1427; x_wconf 90' lang='lat' dir='ltr'><strong>per</strong></span> <span class='ocrx_word' id='word_1_81' title='bbox 709 1348 858 1408; x_wconf 83' lang='lat' dir='ltr'><strong>decimam</strong></span> <span class='ocrx_word' id='word_1_82' title='bbox 869 1348 989 1427; x_wconf 87' lang='lat' dir='ltr'><strong>plagam</strong></span> <span class='ocrx_word' id='word_1_83' title='bbox 1001 1349 1039 1424; x_wconf 88' lang='lat' dir='ltr'><strong>(c.</strong></span> <span class='ocrx_word' id='word_1_84' title='bbox 1051 1349 1104 1421; x_wconf 74' lang='lat' dir='ltr'><strong>ln,</strong></span> <span class='ocrx_word' id='word_1_85' title='bbox 1119 1350 1168 1427; x_wconf 76' lang='lat'><strong>29)</strong></span> <span class='ocrx_word' id='word_1_86' title='bbox 1180 1354 1213 1414; x_wconf 93' lang='lat' dir='ltr'><strong>in</strong></span> <span class='ocrx_word' id='word_1_87' title='bbox 1228 1362 1290 1417; x_wconf 73' lang='lat' dir='ltr'><strong>tota</strong></span> <span class='ocrx_word' id='word_1_88' title='bbox 1343 1382 1346 1387; x_wconf 95' lang='lat'>·</span> 
     </span>
     <span class='ocr_line' id='line_1_12' title="bbox 214 1432 1288 1520; baseline -0.004 -20"><span class='ocrx_word' id='word_1_89' title='bbox 214 1443 348 1520; x_wconf 80' lang='lat' dir='ltr'><strong>AEgypto</strong></span> <span class='ocrx_word' id='word_1_90' title='bbox 360 1438 465 1498; x_wconf 89' lang='lat' dir='ltr'><strong>eadem</strong></span> <span class='ocrx_word' id='word_1_91' title='bbox 481 1443 570 1497; x_wconf 90' lang='lat' dir='ltr'><strong>noete</strong></span> <span class='ocrx_word' id='word_1_92' title='bbox 584 1434 683 1495; x_wconf 89' lang='lat' dir='ltr'><strong>occisa</strong></span> <span class='ocrx_word' id='word_1_93' title='bbox 694 1449 759 1493; x_wconf 88' lang='lat' dir='ltr'><strong>esse</strong></span> <span class='ocrx_word' id='word_1_94' title='bbox 769 1432 927 1493; x_wconf 81' lang='lat' dir='ltr'><strong>dicuntur?</strong></span> <span class='ocrx_word' id='word_1_95' title='bbox 936 1433 1027 1493; x_wconf 89' lang='lat' dir='ltr'><strong>Unde</strong></span> <span class='ocrx_word' id='word_1_96' title='bbox 1038 1436 1125 1496; x_wconf 89' lang='lat' dir='ltr'><strong>venit</strong></span> <span class='ocrx_word' id='word_1_97' title='bbox 1135 1439 1288 1517; x_wconf 61' lang='lat' dir='ltr'><strong>cauimus,</strong></span> 
     </span>
     <span class='ocr_line' id='line_1_13' title="bbox 216 1518 1206 1604; baseline -0.001 -18"><span class='ocrx_word' id='word_1_98' title='bbox 216 1542 344 1604; x_wconf 86' lang='lat' dir='ltr'><strong>quocum</strong></span> <span class='ocrx_word' id='word_1_99' title='bbox 354 1523 469 1584; x_wconf 90' lang='lat' dir='ltr'><strong>Pharao</strong></span> <span class='ocrx_word' id='word_1_100' title='bbox 476 1521 561 1598; x_wconf 84' lang='lat' dir='ltr'><strong>juxta</strong></span> <span class='ocrx_word' id='word_1_101' title='bbox 572 1518 667 1581; x_wconf 86' lang='lat' dir='ltr'><strong>Exod.</strong></span> <span class='ocrx_word' id='word_1_102' title='bbox 680 1518 738 1594; x_wconf 83' lang='lat' dir='ltr'><strong>(ll,</strong></span> <span class='ocrx_word' id='word_1_103' title='bbox 750 1518 780 1593; x_wconf 87' lang='lat'><strong>9)</strong></span> <span class='ocrx_word' id='word_1_104' title='bbox 793 1518 941 1579; x_wconf 76' lang='lat' dir='ltr'><strong>Israelitas</strong></span> <span class='ocrx_word' id='word_1_105' title='bbox 952 1528 1128 1598; x_wconf 90' lang='lat' dir='ltr'><strong>persecutus</strong></span> <span class='ocrx_word' id='word_1_106' title='bbox 1140 1525 1206 1585; x_wconf 74' lang='lat' dir='ltr'><strong>esti</strong></span> 
     </span>
    </p>

    <p class='ocr_par' dir='ltr' id='par_1_5' title="bbox 152 1603 1291 2526">
     <span class='ocr_line' id='line_1_14' title="bbox 251 1603 1290 1690; baseline 0.003 -18"><span class='ocrx_word' id='word_1_107' title='bbox 251 1613 335 1690; x_wconf 71' lang='lat' dir='ltr'><strong>neap.</strong></span> <span class='ocrx_word' id='word_1_108' title='bbox 348 1607 445 1669; x_wconf 85' lang='lat' dir='ltr'><strong>Exodi</strong></span> <span class='ocrx_word' id='word_1_109' title='bbox 455 1604 497 1684; x_wconf 81' lang='lat'><strong>(9,</strong></span> <span class='ocrx_word' id='word_1_110' title='bbox 507 1606 535 1681; x_wconf 88' lang='grc'><strong>6)</strong></span> <span class='ocrx_word' id='word_1_111' title='bbox 546 1620 636 1666; x_wconf 86' lang='lat' dir='ltr'><strong>voees</strong></span> <span class='ocrx_word' id='word_1_112' title='bbox 646 1603 744 1663; x_wconf 86' lang='lat' dir='ltr'><strong>omnia</strong></span> <span class='ocrx_word' id='word_1_113' title='bbox 754 1604 915 1662; x_wconf 80' lang='lat' dir='ltr'><strong>animantia</strong></span> <span class='ocrx_word' id='word_1_114' title='bbox 925 1603 1096 1682; x_wconf 85' lang='lat' dir='ltr'><strong>significant</strong></span> <span class='ocrx_word' id='word_1_115' title='bbox 1109 1612 1213 1672; x_wconf 83' lang='lat' dir='ltr'><strong>omnia</strong></span> <span class='ocrx_word' id='word_1_116' title='bbox 1224 1613 1290 1675; x_wconf 79' lang='lat' dir='ltr'><strong>ani-</strong></span> 
     </span>
     <span class='ocr_line' id='line_1_15' title="bbox 215 1688 1289 1781; baseline 0.002 -24"><span class='ocrx_word' id='word_1_117' title='bbox 215 1696 314 1768; x_wconf 88' lang='lat' dir='ltr'><strong>malia,</strong></span> <span class='ocrx_word' id='word_1_118' title='bbox 327 1711 393 1775; x_wconf 76' lang='lat' dir='ltr'><strong>quae</strong></span> <span class='ocrx_word' id='word_1_119' title='bbox 406 1700 492 1754; x_wconf 90' lang='lat' dir='ltr'><strong>erant</strong></span> <span class='ocrx_word' id='word_1_120' title='bbox 499 1694 532 1751; x_wconf 89' lang='lat' dir='ltr'><strong>in</strong></span> <span class='ocrx_word' id='word_1_121' title='bbox 544 1690 633 1770; x_wconf 90' lang='lat' dir='ltr'><strong>agris,</strong></span> <span class='ocrx_word' id='word_1_122' title='bbox 646 1695 680 1749; x_wconf 92' lang='lat' dir='ltr'><strong>ut</strong></span> <span class='ocrx_word' id='word_1_123' title='bbox 695 1688 791 1766; x_wconf 89' lang='lat' dir='ltr'><strong>liquet</strong></span> <span class='ocrx_word' id='word_1_124' title='bbox 803 1704 842 1747; x_wconf 90' lang='lat' dir='ltr'><strong>ex</strong></span> <span class='ocrx_word' id='word_1_125' title='bbox 851 1705 943 1749; x_wconf 88' lang='lat' dir='ltr'><strong>versu</strong></span> <span class='ocrx_word' id='word_1_126' title='bbox 953 1689 981 1747; x_wconf 78' lang='grc'><strong>5.</strong></span> <span class='ocrx_word' id='word_1_127' title='bbox 994 1691 1074 1752; x_wconf 87' lang='lat' dir='ltr'><strong>Hine</strong></span> <span class='ocrx_word' id='word_1_128' title='bbox 1087 1711 1157 1773; x_wconf 87' lang='lat' dir='ltr'><strong>quae</strong></span> <span class='ocrx_word' id='word_1_129' title='bbox 1167 1698 1201 1758; x_wconf 93' lang='lat' dir='ltr'><strong>in</strong></span> <span class='ocrx_word' id='word_1_130' title='bbox 1210 1700 1289 1781; x_wconf 81' lang='lat' dir='ltr'><strong>agris</strong></span> 
     </span>
     <span class='ocr_line' id='line_1_16' title="bbox 212 1773 1290 1860; baseline -0.006 -16"><span class='ocrx_word' id='word_1_131' title='bbox 212 1784 276 1844; x_wconf 73' lang='lat' dir='ltr'><strong>&#39;non</strong></span> <span class='ocrx_word' id='word_1_132' title='bbox 289 1789 374 1843; x_wconf 88' lang='lat' dir='ltr'><strong>erant</strong></span> <span class='ocrx_word' id='word_1_133' title='bbox 385 1798 403 1840; x_wconf 90' lang='lat' dir='ltr'><strong>a</strong></span> <span class='ocrx_word' id='word_1_134' title='bbox 414 1786 499 1860; x_wconf 88' lang='lat' dir='ltr'><strong>peste</strong></span> <span class='ocrx_word' id='word_1_135' title='bbox 512 1784 650 1855; x_wconf 90' lang='lat' dir='ltr'><strong>exempta</strong></span> <span class='ocrx_word' id='word_1_136' title='bbox 665 1775 794 1847; x_wconf 86' lang='lat' dir='ltr'><strong>luerunt.</strong></span> <span class='ocrx_word' id='word_1_137' title='bbox 810 1773 889 1834; x_wconf 91' lang='lat' dir='ltr'><strong>Hine</strong></span> <span class='ocrx_word' id='word_1_138' title='bbox 900 1781 985 1853; x_wconf 91' lang='lat' dir='ltr'><strong>patet</strong></span> <span class='ocrx_word' id='word_1_139' title='bbox 995 1775 1109 1850; x_wconf 76' lang='lat' dir='ltr'><strong>aleae,</strong></span> <span class='ocrx_word' id='word_1_140' title='bbox 1121 1780 1210 1859; x_wconf 75' lang='lat' dir='ltr'><strong>juxta</strong></span> <span class='ocrx_word' id='word_1_141' title='bbox 1220 1802 1290 1847; x_wconf 69' lang='lat' dir='ltr'><strong>ver.</strong></span> 
     </span>
     <span class='ocr_line' id='line_1_17' title="bbox 214 1862 1290 1953; baseline -0.001 -21"><span class='ocrx_word' id='word_1_142' title='bbox 214 1888 281 1932; x_wconf 89' lang='lat' dir='ltr'><strong>snm</strong></span> <span class='ocrx_word' id='word_1_143' title='bbox 299 1868 353 1942; x_wconf 62' lang='lat' dir='ltr'><strong>le,</strong></span> <span class='ocrx_word' id='word_1_144' title='bbox 367 1885 423 1946; x_wconf 93' lang='lat' dir='ltr'><strong>per</strong></span> <span class='ocrx_word' id='word_1_145' title='bbox 436 1873 551 1928; x_wconf 79' lang='lat' dir='ltr'><strong>sextam</strong></span> <span class='ocrx_word' id='word_1_146' title='bbox 570 1864 689 1944; x_wconf 78' lang='lat' dir='ltr'><strong>plagam</strong></span> <span class='ocrx_word' id='word_1_147' title='bbox 711 1868 816 1922; x_wconf 89' lang='lat' dir='ltr'><strong>exorta</strong></span> <span class='ocrx_word' id='word_1_148' title='bbox 835 1877 902 1922; x_wconf 88' lang='lat' dir='ltr'><strong>esse</strong></span> <span class='ocrx_word' id='word_1_149' title='bbox 917 1862 949 1921; x_wconf 90' lang='lat' dir='ltr'><strong>in</strong></span> <span class='ocrx_word' id='word_1_150' title='bbox 964 1862 1002 1923; x_wconf 89' lang='lat' dir='ltr'><strong>iis</strong></span> <span class='ocrx_word' id='word_1_151' title='bbox 1017 1863 1182 1944; x_wconf 76' lang='lat' dir='ltr'><strong>jannentis,</strong></span> <span class='ocrx_word' id='word_1_152' title='bbox 1193 1890 1290 1953; x_wconf 72' lang='lat' dir='ltr'><strong>quaes</strong></span> 
     </span>
     <span class='ocr_line' id='line_1_18' title="bbox 215 1948 1290 2035; baseline -0.007 -18"><span class='ocrx_word' id='word_1_153' title='bbox 215 1958 319 2035; x_wconf 90' lang='lat' dir='ltr'><strong>quinta</strong></span> <span class='ocrx_word' id='word_1_154' title='bbox 334 1954 424 2033; x_wconf 80' lang='lat' dir='ltr'><strong>plaga</strong></span> <span class='ocrx_word' id='word_1_155' title='bbox 440 1951 586 2012; x_wconf 91' lang='lat' dir='ltr'><strong>immunia</strong></span> <span class='ocrx_word' id='word_1_156' title='bbox 600 1949 727 2009; x_wconf 80' lang='lat' dir='ltr'><strong>fuerant.</strong></span> <span class='ocrx_word' id='word_1_157' title='bbox 746 1948 820 2007; x_wconf 85' lang='lat' dir='ltr'><strong>Haec</strong></span> <span class='ocrx_word' id='word_1_158' title='bbox 836 1953 936 2008; x_wconf 91' lang='lat' dir='ltr'><strong>autem</strong></span> <span class='ocrx_word' id='word_1_159' title='bbox 948 1948 1052 2011; x_wconf 86' lang='lat' dir='ltr'><strong>ulcera</strong></span> <span class='ocrx_word' id='word_1_160' title='bbox 1063 1953 1207 2020; x_wconf 72' lang='lat' dir='ltr'><strong>animalia</strong></span> <span class='ocrx_word' id='word_1_161' title='bbox 1222 1974 1290 2022; x_wconf 68' lang='lat' dir='ltr'><strong>em.</strong></span> 
     </span>
     <span class='ocr_line' id='line_1_19' title="bbox 215 2032 1290 2114; baseline -0.002 -13"><span class='ocrx_word' id='word_1_162' title='bbox 215 2041 325 2112; x_wconf 89' lang='lat' dir='ltr'><strong>eiasse,</strong></span> <span class='ocrx_word' id='word_1_163' title='bbox 341 2055 403 2098; x_wconf 89' lang='lat' dir='ltr'><strong>non</strong></span> <span class='ocrx_word' id='word_1_164' title='bbox 419 2054 492 2098; x_wconf 88' lang='lat' dir='ltr'><strong>vero</strong></span> <span class='ocrx_word' id='word_1_165' title='bbox 504 2033 652 2096; x_wconf 91' lang='lat' dir='ltr'><strong>oeoidisse</strong></span> <span class='ocrx_word' id='word_1_166' title='bbox 666 2032 787 2112; x_wconf 89' lang='lat' dir='ltr'><strong>legitur.</strong></span> <span class='ocrx_word' id='word_1_167' title='bbox 804 2033 884 2093; x_wconf 87' lang='lat' dir='ltr'><strong>Hine</strong></span> <span class='ocrx_word' id='word_1_168' title='bbox 899 2034 1015 2112; x_wconf 88' lang='lat' dir='ltr'><strong>pariter</strong></span> <span class='ocrx_word' id='word_1_169' title='bbox 1027 2044 1128 2114; x_wconf 87' lang='lat' dir='ltr'><strong>patet,</strong></span> <span class='ocrx_word' id='word_1_170' title='bbox 1148 2044 1290 2109; x_wconf 65' lang='lat' dir='ltr'><strong>animalia</strong></span> 
     </span>
     <span class='ocr_line' id='line_1_20' title="bbox 214 2119 1291 2204; baseline 0.001 -18"><span class='ocrx_word' id='word_1_171' title='bbox 214 2127 316 2197; x_wconf 85' lang='lat' dir='ltr'><strong>luisse,</strong></span> <span class='ocrx_word' id='word_1_172' title='bbox 330 2141 396 2204; x_wconf 82' lang='lat' dir='ltr'><strong>quae</strong></span> <span class='ocrx_word' id='word_1_173' title='bbox 408 2139 463 2201; x_wconf 93' lang='lat' dir='ltr'><strong>per</strong></span> <span class='ocrx_word' id='word_1_174' title='bbox 477 2120 634 2200; x_wconf 86' lang='lat' dir='ltr'><strong>septimam</strong></span> <span class='ocrx_word' id='word_1_175' title='bbox 644 2119 763 2198; x_wconf 79' lang='lat' dir='ltr'><strong>plagam</strong></span> <span class='ocrx_word' id='word_1_176' title='bbox 772 2119 920 2197; x_wconf 85' lang='lat' dir='ltr'><strong>grandine</strong></span> <span class='ocrx_word' id='word_1_177' title='bbox 931 2137 1073 2198; x_wconf 86' lang='lat' dir='ltr'><strong>pereussa</strong></span> <span class='ocrx_word' id='word_1_178' title='bbox 1086 2125 1221 2193; x_wconf 82' lang='lat' dir='ltr'><strong>fuerunt.</strong></span> <span class='ocrx_word' id='word_1_179' title='bbox 1232 2134 1291 2197; x_wconf 71' lang='lat' dir='ltr'><strong>Per</strong></span> 
     </span>
     <span class='ocr_line' id='line_1_21' title="bbox 152 2205 1290 2292; baseline 0.004 -19"><span class='ocrx_word' id='word_1_180' title='bbox 152 2232 155 2237; x_wconf 79' lang='grc'><strong>’</strong></span> <span class='ocrx_word' id='word_1_181' title='bbox 215 2213 373 2292; x_wconf 85' lang='lat' dir='ltr'><strong>septimam</strong></span> <span class='ocrx_word' id='word_1_182' title='bbox 386 2225 459 2270; x_wconf 88' lang='lat' dir='ltr'><strong>vero</strong></span> <span class='ocrx_word' id='word_1_183' title='bbox 471 2209 590 2284; x_wconf 80' lang='lat' dir='ltr'><strong>plagam</strong></span> <span class='ocrx_word' id='word_1_184' title='bbox 605 2205 669 2266; x_wconf 90' lang='lat' dir='ltr'><strong>sola</strong></span> <span class='ocrx_word' id='word_1_185' title='bbox 685 2206 841 2277; x_wconf 84' lang='lat' dir='ltr'><strong>animalia,</strong></span> <span class='ocrx_word' id='word_1_186' title='bbox 857 2208 969 2282; x_wconf 86' lang='lat' dir='ltr'><strong>quaein</strong></span> <span class='ocrx_word' id='word_1_187' title='bbox 987 2211 1068 2289; x_wconf 89' lang='lat' dir='ltr'><strong>agris</strong></span> <span class='ocrx_word' id='word_1_188' title='bbox 1079 2223 1183 2290; x_wconf 85' lang='lat' dir='ltr'><strong>erant,</strong></span> <span class='ocrx_word' id='word_1_189' title='bbox 1194 2220 1290 2283; x_wconf 80' lang='lat' dir='ltr'><strong>inter-</strong></span> 
     </span>
     <span class='ocr_line' id='line_1_22' title="bbox 215 2289 1291 2386; baseline 0.002 -28"><span class='ocrx_word' id='word_1_190' title='bbox 215 2303 314 2377; x_wconf 91' lang='lat' dir='ltr'><strong>empta</strong></span> <span class='ocrx_word' id='word_1_191' title='bbox 331 2294 460 2354; x_wconf 83' lang='lat' dir='ltr'><strong>fuerunt.</strong></span> <span class='ocrx_word' id='word_1_192' title='bbox 477 2293 537 2352; x_wconf 91' lang='lat' dir='ltr'><strong>Per</strong></span> <span class='ocrx_word' id='word_1_193' title='bbox 553 2289 701 2351; x_wconf 88' lang='lat' dir='ltr'><strong>decimam</strong></span> <span class='ocrx_word' id='word_1_194' title='bbox 719 2290 837 2369; x_wconf 88' lang='lat' dir='ltr'><strong>plagam</strong></span> <span class='ocrx_word' id='word_1_195' title='bbox 854 2291 917 2352; x_wconf 90' lang='lat' dir='ltr'><strong>sola</strong></span> <span class='ocrx_word' id='word_1_196' title='bbox 934 2292 1070 2369; x_wconf 87' lang='lat' dir='ltr'><strong>jumenta</strong></span> <span class='ocrx_word' id='word_1_197' title='bbox 1087 2301 1291 2386; x_wconf 68' lang='lat' dir='ltr'><strong>primogenita</strong></span> 
     </span>
     <span class='ocr_line' id='line_1_23' title="bbox 215 2374 1290 2468; baseline 0.002 -26"><span class='ocrx_word' id='word_1_198' title='bbox 215 2388 339 2442; x_wconf 85' lang='lat' dir='ltr'><strong>enecata</strong></span> <span class='ocrx_word' id='word_1_199' title='bbox 358 2379 495 2447; x_wconf 80' lang='lat' dir='ltr'><strong>fuerunt3</strong></span> <span class='ocrx_word' id='word_1_200' title='bbox 508 2390 601 2454; x_wconf 90' lang='lat' dir='ltr'><strong>quare</strong></span> <span class='ocrx_word' id='word_1_201' title='bbox 614 2374 764 2435; x_wconf 88' lang='lat' dir='ltr'><strong>Pharaoni</strong></span> <span class='ocrx_word' id='word_1_202' title='bbox 779 2376 928 2454; x_wconf 84' lang='lat' dir='ltr'><strong>equitatus</strong></span> <span class='ocrx_word' id='word_1_203' title='bbox 941 2378 999 2440; x_wconf 86' lang='lat' dir='ltr'><strong>luit</strong></span> <span class='ocrx_word' id='word_1_204' title='bbox 1013 2381 1052 2443; x_wconf 86' lang='lat' dir='ltr'><strong>ad</strong></span> <span class='ocrx_word' id='word_1_205' title='bbox 1062 2392 1290 2468; x_wconf 59' lang='lat' dir='ltr'><strong>persequendo,</strong></span> 
     </span>
     <span class='ocr_line' id='line_1_24' title="bbox 213 2466 346 2526; baseline 0.015 -2"><span class='ocrx_word' id='word_1_206' title='bbox 213 2466 346 2526; x_wconf 70' lang='lat' dir='ltr'><strong>ludaeos.</strong></span> 
     </span>
    </p>

    <p class='ocr_par' dir='ltr' id='par_1_6' title="bbox 211 2540 1330 2800">
     <span class='ocr_line' id='line_1_25' title="bbox 251 2540 1330 2644; baseline 0.015 -38"><span class='ocrx_word' id='word_1_207' title='bbox 251 2551 322 2606; x_wconf 79' lang='lat'><strong>127.</strong></span> <span class='ocrx_word' id='word_1_208' title='bbox 338 2547 451 2610; x_wconf 89' lang='lat' dir='ltr'><strong>Deistis</strong></span> <span class='ocrx_word' id='word_1_209' title='bbox 467 2544 651 2608; x_wconf 84' lang='lat' dir='ltr'><strong>incredibile</strong></span> <span class='ocrx_word' id='word_1_210' title='bbox 667 2545 789 2608; x_wconf 84' lang='lat' dir='ltr'><strong>videtur</strong></span> <span class='ocrx_word' id='word_1_211' title='bbox 807 2545 1011 2621; x_wconf 85' lang='lat' dir='ltr'><strong>Pharaonem,</strong></span> <span class='ocrx_word' id='word_1_212' title='bbox 1024 2553 1088 2630; x_wconf 83' lang='lat' dir='ltr'><strong>jam</strong></span> <span class='ocrx_word' id='word_1_213' title='bbox 1102 2559 1214 2624; x_wconf 86' lang='lat' dir='ltr'><strong>multas</strong></span> <span class='ocrx_word' id='word_1_214' title='bbox 1225 2579 1291 2644; x_wconf 83' lang='lat' dir='ltr'><strong>gra-</strong></span> <span class='ocrx_word' id='word_1_215' title='bbox 1323 2540 1330 2557; x_wconf 77' lang='grc'><strong>’</strong></span> 
     </span>
     <span class='ocr_line' id='line_1_26' title="bbox 213 2633 1291 2718; baseline 0.008 -23"><span class='ocrx_word' id='word_1_216' title='bbox 213 2634 467 2716; x_wconf 88' lang='lat' dir='ltr'><strong>vissimasplagas,</strong></span> <span class='ocrx_word' id='word_1_217' title='bbox 477 2633 751 2712; x_wconf 76' lang='lat' dir='ltr'><strong>AEgyptiosomnes</strong></span> <span class='ocrx_word' id='word_1_218' title='bbox 764 2634 944 2716; x_wconf 82' lang='lat' dir='ltr'><strong>affligentes,</strong></span> <span class='ocrx_word' id='word_1_219' title='bbox 956 2649 1124 2718; x_wconf 87' lang='lat' dir='ltr'><strong>expertum,</strong></span> <span class='ocrx_word' id='word_1_220' title='bbox 1140 2648 1291 2717; x_wconf 62' lang='lat' dir='ltr'><strong>Israelita,</strong></span> 
     </span>
     <span class='ocr_line' id='line_1_27' title="bbox 211 2720 802 2800; baseline -0.002 -15"><span class='ocrx_word' id='word_1_221' title='bbox 211 2731 313 2785; x_wconf 90' lang='lat' dir='ltr'><strong>tamen</strong></span> <span class='ocrx_word' id='word_1_222' title='bbox 326 2724 359 2784; x_wconf 88' lang='lat' dir='ltr'><strong>in</strong></span> <span class='ocrx_word' id='word_1_223' title='bbox 370 2722 505 2800; x_wconf 78' lang='lat' dir='ltr'><strong>riligypto</strong></span> <span class='ocrx_word' id='word_1_224' title='bbox 517 2720 651 2780; x_wconf 90' lang='lat' dir='ltr'><strong>retinere</strong></span> <span class='ocrx_word' id='word_1_225' title='bbox 660 2721 802 2784; x_wconf 87' lang='lat' dir='ltr'><strong>voluisse.</strong></span> 
     </span>
    </p>

    <p class='ocr_par' dir='ltr' id='par_1_7' title="bbox 207 2805 1290 3579">
     <span class='ocr_line' id='line_1_28' title="bbox 236 2805 1290 2895; baseline 0.021 -28"><span class='ocrx_word' id='word_1_226' title='bbox 236 2810 362 2870; x_wconf 59' lang='lat' dir='ltr'><strong>‘Verum</strong></span> <span class='ocrx_word' id='word_1_227' title='bbox 377 2805 569 2886; x_wconf 84' lang='lat' dir='ltr'><strong>perpendant</strong></span> <span class='ocrx_word' id='word_1_228' title='bbox 579 2806 702 2878; x_wconf 83' lang='lat' dir='ltr'><strong>Deistae,</strong></span> <span class='ocrx_word' id='word_1_229' title='bbox 716 2808 863 2870; x_wconf 84' lang='lat' dir='ltr'><strong>Hebraeos</strong></span> <span class='ocrx_word' id='word_1_230' title='bbox 874 2809 1013 2874; x_wconf 89' lang='lat' dir='ltr'><strong>homines</strong></span> <span class='ocrx_word' id='word_1_231' title='bbox 1025 2820 1056 2875; x_wconf 90' lang='lat' dir='ltr'><strong>et</strong></span> <span class='ocrx_word' id='word_1_232' title='bbox 1067 2817 1225 2895; x_wconf 85' lang='lat' dir='ltr'><strong>mulieres,</strong></span> <span class='ocrx_word' id='word_1_233' title='bbox 1236 2842 1290 2889; x_wconf 90' lang='lat' dir='ltr'><strong>nu-</strong></span> 
     </span>
     <span class='ocr_line' id='line_1_29' title="bbox 210 2891 1287 2985; baseline 0.009 -30"><span class='ocrx_word' id='word_1_234' title='bbox 210 2910 295 2955; x_wconf 90' lang='lat' dir='ltr'><strong>mero</strong></span> <span class='ocrx_word' id='word_1_235' title='bbox 307 2892 462 2963; x_wconf 66' lang='lat' dir='ltr'><strong>abeonae</strong></span> <span class='ocrx_word' id='word_1_236' title='bbox 471 2891 577 2961; x_wconf 82' lang='lat' dir='ltr'><strong>luisse3</strong></span> <span class='ocrx_word' id='word_1_237' title='bbox 591 2891 719 2970; x_wconf 90' lang='lat' dir='ltr'><strong>proinde</strong></span> <span class='ocrx_word' id='word_1_238' title='bbox 735 2891 922 2955; x_wconf 87' lang='lat' dir='ltr'><strong>Pharaonem</strong></span> <span class='ocrx_word' id='word_1_239' title='bbox 934 2899 1034 2959; x_wconf 88' lang='lat' dir='ltr'><strong>omnia</strong></span> <span class='ocrx_word' id='word_1_240' title='bbox 1046 2917 1168 2978; x_wconf 85' lang='lat' dir='ltr'><strong>passum</strong></span> <span class='ocrx_word' id='word_1_241' title='bbox 1180 2909 1287 2985; x_wconf 61' lang='lat' dir='ltr'><strong>fuisse,</strong></span> 
     </span>
     <span class='ocr_line' id='line_1_30' title="bbox 211 2977 1288 3062; baseline 0.01 -21"><span class='ocrx_word' id='word_1_242' title='bbox 211 2999 251 3041; x_wconf 92' lang='lat' dir='ltr'><strong>ne</strong></span> <span class='ocrx_word' id='word_1_243' title='bbox 258 2988 340 3040; x_wconf 87' lang='lat' dir='ltr'><strong>tanto</strong></span> <span class='ocrx_word' id='word_1_244' title='bbox 347 2977 566 3057; x_wconf 86' lang='lat' dir='ltr'><strong>mancipiorum</strong></span> <span class='ocrx_word' id='word_1_245' title='bbox 573 2993 698 3038; x_wconf 88' lang='lat' dir='ltr'><strong>numero</strong></span> <span class='ocrx_word' id='word_1_246' title='bbox 709 2995 777 3040; x_wconf 92' lang='lat' dir='ltr'><strong>cum</strong></span> <span class='ocrx_word' id='word_1_247' title='bbox 786 2983 832 3042; x_wconf 90' lang='lat' dir='ltr'><strong>sui</strong></span> <span class='ocrx_word' id='word_1_248' title='bbox 839 2982 1288 3062; x_wconf 71' lang='lat' dir='ltr'><strong>imperiidetrimentomaxim&#39;o</strong></span> 
     </span>
     <span class='ocr_line' id='line_1_31' title="bbox 210 3061 1289 3149; baseline 0.012 -23"><span class='ocrx_word' id='word_1_249' title='bbox 210 3066 396 3144; x_wconf 86' lang='lat' dir='ltr'><strong>privaretur.</strong></span> <span class='ocrx_word' id='word_1_250' title='bbox 408 3061 560 3125; x_wconf 87' lang='lat' dir='ltr'><strong>Caeterum</strong></span> <span class='ocrx_word' id='word_1_251' title='bbox 570 3063 691 3143; x_wconf 87' lang='lat' dir='ltr'><strong>Moyses</strong></span> <span class='ocrx_word' id='word_1_252' title='bbox 703 3064 816 3127; x_wconf 89' lang='lat' dir='ltr'><strong>diserte</strong></span> <span class='ocrx_word' id='word_1_253' title='bbox 833 3068 955 3143; x_wconf 86' lang='lat' dir='ltr'><strong>scribit,</strong></span> <span class='ocrx_word' id='word_1_254' title='bbox 967 3072 1065 3134; x_wconf 90' lang='lat' dir='ltr'><strong>Deum</strong></span> <span class='ocrx_word' id='word_1_255' title='bbox 1077 3078 1202 3143; x_wconf 88' lang='lat' dir='ltr'><strong>stultam</strong></span> <span class='ocrx_word' id='word_1_256' title='bbox 1213 3084 1289 3149; x_wconf 60' lang='lat' dir='ltr'><strong>Pha-</strong></span> 
     </span>
     <span class='ocr_line' id='line_1_32' title="bbox 209 3148 1288 3245; baseline 0.019 -34"><span class='ocrx_word' id='word_1_257' title='bbox 209 3150 310 3212; x_wconf 88' lang='lat' dir='ltr'><strong>raonis</strong></span> <span class='ocrx_word' id='word_1_258' title='bbox 323 3148 558 3211; x_wconf 87' lang='lat' dir='ltr'><strong>obstinationem</strong></span> <span class='ocrx_word' id='word_1_259' title='bbox 570 3151 718 3212; x_wconf 86' lang='lat' dir='ltr'><strong>Ilebraeos</strong></span> <span class='ocrx_word' id='word_1_260' title='bbox 729 3152 894 3226; x_wconf 88' lang='lat' dir='ltr'><strong>retinendi,</strong></span> <span class='ocrx_word' id='word_1_261' title='bbox 907 3157 1038 3235; x_wconf 88' lang='lat' dir='ltr'><strong>positive</strong></span> <span class='ocrx_word' id='word_1_262' title='bbox 1049 3166 1243 3245; x_wconf 71' lang='lat' dir='ltr'><strong>permisisse,</strong></span> <span class='ocrx_word' id='word_1_263' title='bbox 1253 3180 1288 3236; x_wconf 71' lang='lat' dir='ltr'>u</span> 
     </span>
     <span class='ocr_line' id='line_1_33' title="bbox 209 3233 1285 3330; baseline 0.018 -36"><span class='ocrx_word' id='word_1_264' title='bbox 209 3237 242 3296; x_wconf 90' lang='lat' dir='ltr'><strong>in</strong></span> <span class='ocrx_word' id='word_1_265' title='bbox 249 3235 307 3297; x_wconf 88' lang='lat' dir='ltr'><strong>hae</strong></span> <span class='ocrx_word' id='word_1_266' title='bbox 315 3246 396 3296; x_wconf 85' lang='lat' dir='ltr'><strong>caeca</strong></span> <span class='ocrx_word' id='word_1_267' title='bbox 407 3233 471 3311; x_wconf 86' lang='lat' dir='ltr'><strong>ejus</strong></span> <span class='ocrx_word' id='word_1_268' title='bbox 479 3234 682 3295; x_wconf 91' lang='lat' dir='ltr'><strong>obstinatione</strong></span> <span class='ocrx_word' id='word_1_269' title='bbox 692 3238 909 3317; x_wconf 90' lang='lat' dir='ltr'><strong>omnipotentia</strong></span> <span class='ocrx_word' id='word_1_270' title='bbox 919 3241 1022 3305; x_wconf 90' lang='lat' dir='ltr'><strong>divina</strong></span> <span class='ocrx_word' id='word_1_271' title='bbox 1030 3249 1285 3330; x_wconf 68' lang='lat' dir='ltr'><strong>manifestarem,</strong></span> 
     </span>
     <span class='ocr_line' id='line_1_34' title="bbox 207 3320 1287 3409; baseline 0.015 -30"><span class='ocrx_word' id='word_1_272' title='bbox 207 3320 326 3381; x_wconf 84' lang='lat' dir='ltr'><strong>Exinde</strong></span> <span class='ocrx_word' id='word_1_273' title='bbox 341 3320 484 3399; x_wconf 84' lang='lat' dir='ltr'><strong>praecise,</strong></span> <span class='ocrx_word' id='word_1_274' title='bbox 502 3320 582 3398; x_wconf 88' lang='lat' dir='ltr'><strong>quod</strong></span> <span class='ocrx_word' id='word_1_275' title='bbox 603 3320 719 3382; x_wconf 89' lang='lat' dir='ltr'><strong>Pharao</strong></span> <span class='ocrx_word' id='word_1_276' title='bbox 736 3322 811 3384; x_wconf 90' lang='lat' dir='ltr'><strong>duos</strong></span> <span class='ocrx_word' id='word_1_277' title='bbox 826 3342 983 3388; x_wconf 88' lang='lat' dir='ltr'><strong>servorum</strong></span> <span class='ocrx_word' id='word_1_278' title='bbox 999 3330 1153 3397; x_wconf 89' lang='lat' dir='ltr'><strong>milliones</strong></span> <span class='ocrx_word' id='word_1_279' title='bbox 1169 3338 1287 3409; x_wconf 72' lang='lat' dir='ltr'><strong>libem</strong></span> 
     </span>
     <span class='ocr_line' id='line_1_35' title="bbox 208 3403 1284 3507; baseline 0.019 -41"><span class='ocrx_word' id='word_1_280' title='bbox 208 3403 1284 3507; x_wconf 79' lang='lat' dir='ltr'><strong>dimisit,concludantDeistae,maximamiraoulainterveniredebuisss,</strong></span> 
     </span>
     <span class='ocr_line' id='line_1_36' title="bbox 208 3490 975 3579; baseline 0.013 -25"><span class='ocrx_word' id='word_1_281' title='bbox 208 3509 276 3568; x_wconf 82' lang='lat' dir='ltr'><strong>quae</strong></span> <span class='ocrx_word' id='word_1_282' title='bbox 285 3490 471 3554; x_wconf 90' lang='lat' dir='ltr'><strong>Pharaonem</strong></span> <span class='ocrx_word' id='word_1_283' title='bbox 482 3491 520 3552; x_wconf 87' lang='lat' dir='ltr'><strong>ad</strong></span> <span class='ocrx_word' id='word_1_284' title='bbox 533 3492 591 3553; x_wconf 91' lang='lat' dir='ltr'><strong>hoe</strong></span> <span class='ocrx_word' id='word_1_285' title='bbox 606 3492 785 3555; x_wconf 85' lang='lat' dir='ltr'><strong>sacrificium</strong></span> <span class='ocrx_word' id='word_1_286' title='bbox 799 3497 975 3579; x_wconf 83' lang='lat' dir='ltr'><strong>adegerunt.</strong></span> 
     </span>
    </p>
   </div>
   <div class='ocr_carea' id='block_1_3' title="bbox 497 3624 990 3692">
    <p class='ocr_par' dir='ltr' id='par_1_8' title="bbox 497 3624 990 3692">
     <span class='ocr_line' id='line_1_37' title="bbox 497 3624 990 3692; baseline 0.028 -18"><span class='ocrx_word' id='word_1_287' title='bbox 497 3624 990 3692; x_wconf 74' lang='lat' dir='ltr'><strong>gxxrx.-mnsnsnumansama</strong></span> 
     </span>
    </p>
   </div>
   <div class='ocr_carea' id='block_1_4' title="bbox 205 3748 1280 4097">
    <p class='ocr_par' dir='ltr' id='par_1_9' title="bbox 205 3748 1280 4097">
     <span class='ocr_line' id='line_1_38' title="bbox 243 3748 1278 3849; baseline 0.028 -41"><span class='ocrx_word' id='word_1_288' title='bbox 243 3748 309 3809; x_wconf 73' lang='lat' dir='ltr'><strong>ibe.</strong></span> <span class='ocrx_word' id='word_1_289' title='bbox 323 3748 462 3809; x_wconf 84' lang='lat' dir='ltr'><strong>Hebraeis</strong></span> <span class='ocrx_word' id='word_1_290' title='bbox 473 3749 608 3831; x_wconf 77' lang='lat' dir='ltr'><strong>AEgypto</strong></span> <span class='ocrx_word' id='word_1_291' title='bbox 623 3753 751 3834; x_wconf 87' lang='lat' dir='ltr'><strong>egressis</strong></span> <span class='ocrx_word' id='word_1_292' title='bbox 762 3771 781 3815; x_wconf 87' lang='lat' dir='ltr'><strong>a</strong></span> <span class='ocrx_word' id='word_1_293' title='bbox 791 3756 904 3822; x_wconf 86' lang='lat' dir='ltr'><strong>dextris</strong></span> <span class='ocrx_word' id='word_1_294' title='bbox 916 3769 1001 3822; x_wconf 90' lang='lat' dir='ltr'><strong>erant</strong></span> <span class='ocrx_word' id='word_1_295' title='bbox 1012 3764 1107 3828; x_wconf 89' lang='lat' dir='ltr'><strong>series</strong></span> <span class='ocrx_word' id='word_1_296' title='bbox 1117 3770 1278 3849; x_wconf 87' lang='lat' dir='ltr'><strong>montium,</strong></span> 
     </span>
     <span class='ocr_line' id='line_1_39' title="bbox 206 3832 1280 3935; baseline 0.024 -42"><span class='ocrx_word' id='word_1_297' title='bbox 206 3848 226 3893; x_wconf 90' lang='lat' dir='ltr'><strong>a</strong></span> <span class='ocrx_word' id='word_1_298' title='bbox 244 3832 375 3896; x_wconf 88' lang='lat' dir='ltr'><strong>sinistris</strong></span> <span class='ocrx_word' id='word_1_299' title='bbox 389 3834 559 3898; x_wconf 85' lang='lat' dir='ltr'><strong>Philisthaei</strong></span> <span class='ocrx_word' id='word_1_300' title='bbox 580 3846 612 3899; x_wconf 91' lang='lat' dir='ltr'><strong>et</strong></span> <span class='ocrx_word' id='word_1_301' title='bbox 630 3840 821 3914; x_wconf 78' lang='lat' dir='ltr'><strong>amalecita,</strong></span> <span class='ocrx_word' id='word_1_302' title='bbox 842 3852 910 3923; x_wconf 88' lang='lat' dir='ltr'><strong>post</strong></span> <span class='ocrx_word' id='word_1_303' title='bbox 930 3853 1050 3926; x_wconf 86' lang='lat' dir='ltr'><strong>tergum</strong></span> <span class='ocrx_word' id='word_1_304' title='bbox 1067 3852 1212 3935; x_wconf 76' lang='lat' dir='ltr'><strong>AEgyptii</strong></span> <span class='ocrx_word' id='word_1_305' title='bbox 1228 3876 1280 3924; x_wconf 82' lang='lat' dir='ltr'><strong>eos</strong></span> 
     </span>
     <span class='ocr_line' id='line_1_40' title="bbox 205 3918 1280 4013; baseline 0.031 -36"><span class='ocrx_word' id='word_1_306' title='bbox 205 3918 417 3997; x_wconf 87' lang='lat' dir='ltr'><strong>insequentes,</strong></span> <span class='ocrx_word' id='word_1_307' title='bbox 431 3928 463 3985; x_wconf 91' lang='lat' dir='ltr'><strong>et</strong></span> <span class='ocrx_word' id='word_1_308' title='bbox 482 3941 583 3987; x_wconf 91' lang='lat' dir='ltr'><strong>coram</strong></span> <span class='ocrx_word' id='word_1_309' title='bbox 598 3926 676 3988; x_wconf 80' lang='lat' dir='ltr'><strong>faeie</strong></span> <span class='ocrx_word' id='word_1_310' title='bbox 691 3944 775 3991; x_wconf 92' lang='lat' dir='ltr'><strong>mare</strong></span> <span class='ocrx_word' id='word_1_311' title='bbox 789 3931 935 3994; x_wconf 88' lang='lat' dir='ltr'><strong>Rubrum.</strong></span> <span class='ocrx_word' id='word_1_312' title='bbox 952 3935 1096 3999; x_wconf 79' lang='lat' dir='ltr'><strong>lsradlitae</strong></span> <span class='ocrx_word' id='word_1_313' title='bbox 1111 3940 1280 4013; x_wconf 84' lang='lat' dir='ltr'><strong>Pharaonis</strong></span> 
     </span>
     <span class='ocr_line' id='line_1_41' title="bbox 206 4005 1278 4097; baseline 0.035 -37"><span class='ocrx_word' id='word_1_314' title='bbox 206 4005 371 4066; x_wconf 73' lang='lat' dir='ltr'><strong>exercitam</strong></span> <span class='ocrx_word' id='word_1_315' title='bbox 387 4018 561 4082; x_wconf 88' lang='lat' dir='ltr'><strong>eementes,</strong></span> <span class='ocrx_word' id='word_1_316' title='bbox 577 4021 765 4095; x_wconf 87' lang='lat' dir='ltr'><strong>mortemque</strong></span> <span class='ocrx_word' id='word_1_317' title='bbox 786 4035 869 4079; x_wconf 89' lang='lat' dir='ltr'><strong>suam</strong></span> <span class='ocrx_word' id='word_1_318' title='bbox 890 4026 1003 4082; x_wconf 88' lang='lat' dir='ltr'><strong>certam</strong></span> <span class='ocrx_word' id='word_1_319' title='bbox 1021 4024 1230 4094; x_wconf 85' lang='lat' dir='ltr'><strong>existimantes</strong></span> <span class='ocrx_word' id='word_1_320' title='bbox 1244 4032 1278 4097; x_wconf 86' lang='lat' dir='ltr'><strong>ia</strong></span> 
     </span>
    </p>
   </div>
   <div class='ocr_carea' id='block_1_5' title="bbox 204 4085 1279 4197">
    <p class='ocr_par' dir='ltr' id='par_1_10' title="bbox 204 4085 1279 4197">
     <span class='ocr_line' id='line_1_42' title="bbox 204 4085 1279 4197; baseline 0.022 -40"><span class='ocrx_word' id='word_1_321' title='bbox 204 4085 332 4197; x_wconf 63' lang='lat' dir='ltr'><strong>Malean</strong></span> <span class='ocrx_word' id='word_1_322' title='bbox 353 4094 595 4177; x_wconf 77' lang='lat' dir='ltr'><strong>insureserunt,</strong></span> <span class='ocrx_word' id='word_1_323' title='bbox 615 4101 705 4182; x_wconf 85' lang='lat' dir='ltr'><strong>eiquo</strong></span> <span class='ocrx_word' id='word_1_324' title='bbox 727 4102 888 4170; x_wconf 76' lang='lat' dir='ltr'><strong>dixeruutz</strong></span> <span class='ocrx_word' id='word_1_325' title='bbox 907 4107 1076 4195; x_wconf 77' lang='lat' dir='ltr'><strong>oForsitaa</strong></span> <span class='ocrx_word' id='word_1_326' title='bbox 1099 4128 1164 4181; x_wconf 89' lang='lat' dir='ltr'><strong>nou</strong></span> <span class='ocrx_word' id='word_1_327' title='bbox 1187 4125 1279 4189; x_wconf 81' lang='lat' dir='ltr'><strong>erant</strong></span> 
     </span>
    </p>
   </div>
   <div class='ocr_carea' id='block_1_6' title="bbox 0 0 1358 4846">
    <p class='ocr_par' dir='ltr' id='par_1_11' title="bbox 0 0 1358 4846">
     <span class='ocr_line' id='line_1_43' title="bbox 0 0 1358 4846; baseline 0 3"><span class='ocrx_word' id='word_1_328' title='bbox 0 0 1358 4846; x_wconf 95' lang='lat' dir='ltr'><strong> </strong></span> 
     </span>
    </p>
   </div>
  </div>
 </body>
</html>
