2708 4846
138 480 186 531 did
539 474 586 528 118
606 475 821 528 1111111811111

138 573 259 644 stantia,
270 572 313 633 ait
324 572 357 631 in
374 568 442 633 aliis
453 569 600 633 Ecclesiis
615 568 815 631 honorificam
827 566 867 630 de
877 566 931 629 illa
943 564 1014 629 lieri
1025 567 1205 637 mentionem,

137 673 171 717 sc
184 674 245 716 non
258 656 317 717 nisi
332 672 413 735 aegre
427 672 479 717 eos
489 654 676 724 deseruisse,
690 653 886 714 Timotheum
899 652 940 714 ad
957 652 1029 714 illos
1045 652 1206 722 misissent

137 741 177 802 de
191 758 295 803 eorum
304 748 384 803 statu
394 741 559 803 relationes
570 740 718 811 haberet,
732 756 826 818 seque
842 756 894 800 eas
909 738 1086 818 accepisse;
1098 738 1162 799 illos
1171 740 1207 799 in

136 827 227 887 struit
235 828 275 889 de
283 834 363 887 stote
374 834 565 895 mortuorum,
574 824 609 884 ds
618 825 744 885 αάυοιιειι
755 824 931 895 Dominicis
944 822 980 883 dc
989 823 1096 884 ultimo
1104 822 1205 901 iudicio

138 910 284 971 Hortatur
293 928 345 972 eos
355 910 396 971 ad
407 911 625 982 castimoniam,
636 909 816 972 charitatem
823 915 969 980 mutuam,
981 906 1207 987 diligentiam

137 997 331 1074 patientiam,
343 1004 433 1074 atque
446 996 520 1075 ipsis
532 998 616 1056 varta
630 993 729 1056 oiticia
741 994 937 1075 particularia
949 992 1097 1055 inculcat

174 1082 290 1161 Scopus
301 1081 387 1142 Pauli
397 1089 443 1142 est
454 1080 742 1141 Thessalonicenses
755 1078 795 1139 ad
807 1080 1010 1141 constantiam
1020 1085 1052 1139 et
1064 1078 1204 1159 perlectis

138 1182 213 1227 nem
224 1167 258 1228 in
270 1165 331 1228 tide
345 1169 492 1236 excitare,
506 1165 615 1229 dubios
628 1182 663 1226 ac
673 1166 795 1245 ignaros
806 1165 890 1226 varia
902 1163 1034 1235 docere,
1046 1171 1080 1226 et
1089 1170 1204 1227 crrtniat

137 1250 251 1313 leuiter
272 1253 438 1331 corrigere.
453 1254 528 1313 liaeo
545 1250 681 1331 Epistola
702 1250 812 1311 ordine
834 1251 982 1331 temporis
1004 1248 1204 1328 omniumlipi

137 1338 282 1400 stolarum
291 1338 483 1398 Pardlnarum
504 1338 602 1417 prima
611 1336 859 1398 communissime
872 1336 1010 1399 creditur
1018 1334 1202 1417 (coniudhll

223 1495 264 1543 1)ss
279 1494 301 1542 11
315 1494 458 1543 netsnoua
472 1494 500 1543 B.
516 1494 606 1543 esunt
621 1494 763 1543 mestun
777 1494 819 1543 tn
833 1493 1135 1543 messuerimu-

136 1614 368 1687 sambucus
383 1617 539 1682 scriptionis,
555 1613 654 1679 llupua',
672 1618 732 1667 etas
747 1618 773 1666 et
786 1616 882 1667 occasio
897 1596 1013 1680 proxima
1027 1620 1052 1667 11
1066 1614 1203 1681 spuebat

559 1686 800 1736 Thessalonicenses.

173 1825 247 1880 adt.
260 1823 389 1904 scripsit
408 1822 518 1884 Paulus
535 1822 614 1885 hanc
631 1823 809 1903 Epistulam,
822 1829 857 1883 ut
875 1824 1021 1904 priorem,
1033 1839 1142 1901 grues
1152 1836 1202 1891 ort.

137 1910 270 1980 Silvani,
280 1926 335 1970 seu
353 1910 435 1983 Silas,
449 1915 480 1971 ct
492 1910 647 1970 Timothei
660 1909 796 1980 nomine,
810 1910 893 1971 eirca
905 1927 1017 1971 annum
1029 1910 1068 1970 lid
1079 1926 1146 1971 aerac
1155 1908 1204 1971 rol

136 1998 228 2076 garis,
234 1994 454 2064 Corinthi,non
467 2012 541 2055 vero
551 1994 683 2056 Athenis
693 2001 726 2054 ut
738 1994 922 2072 subscriptio
933 2012 1036 2075 grteca
1047 1992 1149 2065 h'ahct,
1161 2008 1205 2055 not

137 2080 304 2141 laodicea
318 2079 350 2139 in
372 2079 486 2140 Pisidia
498 2087 533 2138 ut
545 2078 646 2140 versio
665 2079 783 2156 syriaca
796 2079 886 2158 legite
905 2096 977 2139 nam
995 2078 1155 2159 Apostolm
1167 2094 1206 2139 re·

136 2165 248 2227 mansit
269 2164 371 2241 sesqui
390 2181 470 2224 anno
492 2146 651 2235 Corinthi,
669 2171 703 2224 et
722 2163 800 2225 Silas
821 2170 857 2225 a'c
878 2165 1075 2236 Timotheus,
1097 2180 1207 2244 quom

137 2252 261 2312 nomine
273 2248 339 2310 hoec
350 2249 495 2327 Epistola,
509 2257 543 2310 ut
554 2251 662 2329 prima,
676 2256 722 2311 est
733 2257 865 2322 exarata,
879 2250 978 2313 adhuc
990 2270 1063 2313 cum
1072 2252 1126 2313 illo
1137 2254 1208 2313 errat

138 2334 259 2413 qrmndo
272 2334 352 2394 hanc
364 2334 530 2413 Epistulam
542 2334 675 2410 scripsit.

174 2418 303 2481 Occasio
319 2418 456 2495 proxima
467 2416 612 2494 Epistola
624 2417 691 2479 haec
704 2417 772 2479 tuit.
789 2420 859 2480 iam
872 2419 906 2479 in
920 2419 1021 2499 prima
1038 2416 1210 2500 Epistolaal

136 2502 425 2565 Thessalonicenses
437 2500 546 2563 Paulus
560 2502 749 2563 mentionem
760 2503 875 2565 iecerat
886 2503 927 2564 de
941 2520 1073 2566 emonca
1084 2520 1211 2585 quorn-

137 2586 208 2650 dam
224 2586 369 2666 opinione
391 2587 473 2649 circa
493 2584 577 2647 diem
600 2588 701 2648 ultimi
718 2586 839 2664 judicii.
865 2590 938 2650 Post
958 2588 1127 2651 adventum
1143 2590 1213 2651 11111

138 2674 280 2755 Epistolae
292 2672 541 2733 Thessalonicam
552 2672 811 2753 pseudodoctores
822 2673 922 2736 adhuc
939 2675 1041 2736 acrius
1057 2676 1213 2739 contenda·

136 2760 227 2829 hant,
245 2758 328 2818 diem
344 2756 445 2818 ultimi
460 2754 569 2835 judicii
582 2758 711 2829 instare,
725 2760 792 2820 sive
807 2759 887 2836 quod
905 2760 1041 2838 priorem
1060 2761 1214 2840 Epistolam

137 2844 234 2904 relate
247 2840 285 2902 ad
298 2842 379 2903 hunc
393 2842 476 2903 diem
489 2843 569 2903 male
582 2844 821 2914 intellexissent,
836 2844 918 2915 sive,
931 2852 967 2905 ut
978 2863 1018 2906 ex
1030 2863 1060 2908 c.
1069 2848 1101 2920 2,
1110 2848 1144 2919 ’ς
1158 2844 1214 2915 ei,

138 2928 196 2987 17.
216 2926 304 3002 sequi
326 2924 463 2999 videtur,
484 2928 564 3007 quod
587 2927 761 3003 jactitarent
781 2928 1003 2991 revelationem
1027 2932 1159 3015 aliquan
1187 2939 1216 2993 ot

67 3018 73 3031 '
139 3010 297 3091 epistolam
308 3010 401 3071 Paulo
414 3028 575 3092 perperam
587 3013 774 3073 attributam.
787 3013 896 3074 Paulus
912 3014 1009 3092 tgttm
1021 3014 1118 3081 hosce
1134 3032 1217 3099 paea·

137 3094 328 3174 doopostolos
340 3098 542 3168 coerciturus,
558 3114 724 3175 eorumque
737 3115 856 3160 errores
868 3108 1075 3175 correcturus,
1088 3102 1216 3169 mar

137 3181 266 3245 cundum
277 3181 315 3242 ad
328 3181 617 3244 Thessalonicenses
629 3182 717 3245 dedit
727 3184 904 3264 Epistulam.

318 3326 442 3393 sectivi.
451 3352 482 3365 -
492 3330 670 3391 umectum
683 3332 710 3381 et
724 3344 813 3395 scopus
824 3332 899 3393 huius
912 3334 1041 3396 Epistola.

173 3456 247 3512 add.
256 3457 401 3515 ilortatm
414 3456 578 3533 spostolus
589 3458 878 3521 Thessalonicenses
890 3468 925 3522 ut
934 3461 1019 3524 inter
1032 3462 1218 3529 maleum

136 3544 169 3602 in
180 3548 319 3621 suscepta
333 3537 393 3601 iido
410 3548 582 3603 constantes
603 3553 817 3623 pennaneant3
833 3555 938 3607 monet
954 3564 995 3609 ne
1013 3550 1218 3615 audiantistot

136 3624 408 3706 pseudodoctores,
437 3625 490 3703 qui
515 3627 677 3690 tradebant
697 3628 838 3690 ultimum
855 3630 966 3709 judicii
993 3632 1083 3695 diem
1101 3634 1217 3717 jamin

137 3711 265 3780 instare,
283 3710 475 3789 insinuatque
494 3718 565 3773 ante
583 3712 664 3774 hunc
682 3713 765 3774 diem
784 3715 914 3776 loturam
930 3716 1140 3782 universalem
1158 3720 1217 3783 ieta

137 3792 343 3855 desertionem
353 3792 440 3865 iidei,
451 3813 487 3856 ac
500 3794 573 3856 dein
586 3803 748 3858 centonum
763 3799 996 3862 Antichristum.
1012 3802 1218 3883 chrchmffl

138 3880 289 3957 inquietos
307 3897 343 3941 ac
356 3881 484 3952 otiosos,
498 3898 610 3960 eosque
623 3882 661 3943 ad
674 3885 823 3960 quietam,
836 3884 1035 3947 christianam
1046 3904 1085 3952 ac
1094 3888 1218 3951 lahorio

135 3978 199 4022 sam
218 3964 313 4026 vitam
332 3966 482 4045 agendam
498 3965 645 4027 hortatur.
660 3968 864 4035 Tandemdat
881 3972 1059 4055 signamen
1077 3992 1139 4055 quo
1158 3972 1218 4054 eju

136 4046 280 4126 Epistola
291 4047 528 4131 dignoscantur(
536 4068 564 4111 c.
578 4050 611 4123 d,
626 4052 691 4128 17).
