2708 4846
211 474 245 526 0
614 468 660 519 DE
678 463 895 529 Dllel’l'ssEy

246 554 338 626 Hanc'
354 554 518 624 immanm
537 548 728 635 barbariem3'
737 557 842 621 dicunt
849 547 984 625 Deistae,
994 546 1173 614 confirmant

245 650 278 730 l?
299 651 490 714 Abrahamns
509 650 594 728 iussn
613 648 687 719 Dei,
707 638 791 727 juxta
807 645 952 722 Moysen,
979 636 1077 703 lilium
1097 655 1187 703 sutum
1205 637 1293 703 tsaac

208 730 367 802 immolare
381 745 505 799 conatus
517 735 613 813 (Gen.
625 735 676 805 22,
687 734 756 795 l-lt
766 732 793 810 ),
809 736 842 793 et

244 824 277 886 2⁰
289 827 309 885 J
310 824 419 905 ephto,
428 823 480 900 qui
491 823 612 885 unicam
624 838 708 882 suam
716 818 851 881 tiliamiu
859 815 1023 877 barbarum
1030 808 1290 875 sacrificiumllco

209 911 366 973 mitissimo
376 909 487 971 obtulit
496 905 582 985 (Jud.
590 907 638 980 ll,
648 905 756 982 Μ).

153 1000 157 1019 ’
243 991 331 1076 Resp.
347 997 461 1058 Deistae
478 994 575 1057 oculis
597 992 813 1054 incredulitate
832 985 1033 1065 caligantibus
1053 984 1169 1064 Moysis
1187 983 1293 1063 legem

208 1083 379 1157 intuentes,
392 1083 425 1143 in
438 1099 474 1144 ea
488 1098 552 1142 non
566 1080 626 1141 nisi
638 1080 768 1149 absona,
779 1071 974 1138 incredibilia
993 1087 1030 1132 ac
1041 1069 1172 1132 barbara
1181 1070 1292 1135 videro

208 1168 269 1230 sibi
278 1170 490 1250 imaginantur.
501 1169 616 1228 'lentus
624 1163 822 1244 particulares
833 1158 977 1236 areliqua
991 1157 1106 1236 Moysis
1117 1158 1188 1238 lege
1200 1173 1292 1241 sena-

208 1262 289 1319 ratos
304 1256 393 1318 avide
403 1255 567 1334 arripiunt,
580 1252 653 1330 quid
663 1251 696 1311 in
708 1250 754 1311 eis
765 1247 839 1329 ipsis
848 1250 973 1326 apparet
982 1260 1080 1317 caece,
1093 1249 1127 1304 ct
1136 1250 1292 1322 tamquam

210 1356 248 1403 ex
265 1342 386 1420 tripode
405 1341 570 1420 Delphico,
588 1337 794 1406 deblaterant,
818 1351 892 1395 num
908 1331 948 1393 de
964 1346 1017 1391 sua
1036 1331 1224 1409 ignorantia,
1240 1340 1292 1394 aut

209 1428 287 1512 mala
297 1423 673 1510 fideconvincanturhaud
684 1421 809 1484 solliciti
823 1417 1022 1481 :admouisse
1031 1416 1171 1478 sedocus
1177 1434 1292 1500 smper

209 1508 432 1588 oliqusllbcrct.

244 1598 280 1660 Si
290 1599 403 1661 Deistae
415 1598 517 1678 legem
529 1597 693 1660 mosaicam
710 1593 807 1675 probe
816 1596 995 1664 noscerent,
1008 1595 1060 1651 aut
1074 1589 1102 1650 si
1113 1588 1205 1653 bonas
1216 1589 1291 1653 fidel

209 1692 330 1761 ment,
340 1686 456 1748 scirent
470 1686 610 1748 victimas
621 1683 765 1744 humanas
777 1681 930 1760 aMoyse,
948 1678 1020 1757 lege
1042 1692 1184 1756 expressa
1200 1693 1292 1741 seve-

209 1773 327 1837 rissime
335 1773 427 1835 finisse
435 1773 616 1853 prohibitas,
626 1770 775 1849 adeoque,
783 1775 899 1831 textrun
909 1768 984 1828 Lev.
997 1763 1045 1837 st,
1054 1764 1141 1827 9119
1151 1766 1292 1829 victimas

209 1858 369 1932 humanas,
382 1878 450 1938 quae
461 1859 542 1939 apud
551 1859 663 1920 multos
678 1857 806 1938 populos
816 1871 949 1938 paganos
964 1852 1024 1914 diis
1036 1851 1290 1925 immolabantur,

209 1946 336 2006 minime
346 1945 527 2026 praecipere.

245 2033 410 2092 Enimvero
427 2032 537 2106 (Dent.
557 2032 609 2101 19,
626 2029 722 2104 asp-sl
739 2028 751 2104 )
768 2030 890 2106 Moyses
910 2024 1051 2087 Hebraeis
1068 2041 1178 2088 severo
1192 2025 1293 2106 injun-

209 2119 266 2196 git,
280 2134 322 2179 uo
332 2117 489 2177 imitentur
501 2115 703 2184 Chananaeos,
720 2115 860 2176 victimas
870 2113 1016 2173 humanas
1033 2111 1101 2173 Diis
1117 2112 1291 2177 offerentes

211 2201 368 2280 «Quando
376 2200 602 2281 disperdiderit,
615 2202 673 2272 ait,
685 2201 831 2261 Donrinus
839 2201 922 2261 Deus
932 2205 1000 2259 tuus
1009 2205 1081 2260 ants
1091 2198 1292 2265 laciemtuam

210 2286 675 2368 »gentesadquasingredieria
681 2286 894 2366 possidendas,
905 2292 936 2347 et
943 2285 1116 2365 possederis
1126 2296 1294 2370 casasque

211 2394 228 2431 s
239 2371 425 2434 habitaveris
436 2371 469 2432 in
481 2379 697 2445 terracanun,
713 2388 789 2434 carc
800 2388 842 2434 ne
860 2371 991 2434 imiteris
1003 2387 1070 2441 ess,
1090 2382 1252 2454 postquam
1263 2386 1295 2441 se

212 2460 351 2520 »fuerint
372 2459 547 2519 introeunte
567 2460 741 2531 subversae,
766 2466 799 2521 et
816 2460 954 2539 requiras
971 2461 1169 2523 ceremonias
1187 2480 1296 2528 eannn

211 2545 346 2606 »dicens
356 2562 368 2604 a
380 2543 458 2606 sicut
468 2545 626 2605 coluerunt
635 2554 743 2625 gentes
754 2546 821 2607 istae
833 2546 907 2608 deos
918 2563 1003 2616 suos,
1016 2546 1060 2606 ita
1070 2553 1102 2607 et
1111 2565 1169 2627 ego
1181 2552 1292 2616 colam

212 2631 309 2694 »Nou
320 2631 413 2693 iacies
429 2630 572 2692 similiter
580 2633 710 2693 Domino
720 2635 786 2692 Deo
796 2638 867 2702 tuo;
879 2648 984 2692 onmes
995 2631 1078 2692 anim
1090 2632 1296 2699 abominatio-

212 2735 314 2792 »nes,
334 2734 409 2796 quas
426 2724 583 2779 aversatur
600 2717 765 2787 Dominus,
790 2717 945 2790 iecerunt,
965 2717 1026 2781 diis
1044 2718 1107 2781 suis
1129 2720 1295 2789 oliorentss

211 2802 318 2866 »filios
331 2812 363 2866 et
374 2802 469 2875 filias,
481 2810 514 2864 et
524 2803 738 2865 comburentes
749 2802 826 2883 igni.
845 2823 863 2862 s

246 2893 392 2952 Poterant
408 2889 553 2967 equidem
572 2889 674 2950 Judaei
693 2889 764 2969 lege
782 2888 914 2951 Mosaiea
932 2905 966 2949 se
983 2904 1096 2967 suaque
1115 2893 1182 2955 Deo
1199 2893 1296 2958 dero·

210 2993 285 3039 vere
295 2984 360 3037 trun
371 2992 427 3055 per
436 2982 534 3035 votam
545 2975 679 3048 selonts
688 2983 753 3038 tum
761 2993 817 3056 per
826 2983 923 3037 uobsm
931 2976 1080 3056 nivatam
1084 2985 1135 3048 ,·at
1144 2982 1294 3064 semctip-

211 3079 260 3125 sos
271 3080 332 3123 non
344 3062 378 3122 in
390 3061 619 3133 mactationem,
631 3061 714 3124 bene
726 3079 800 3125 vero
813 3077 882 3135 sua,
890 3079 958 3141 quae
970 3063 1040 3142 loge
1052 3063 1167 3142 Moysis
1176 3068 1246 3133 Deo
1257 3071 1293 3133 in

210 3146 391 3211 sacrificinm
403 3147 505 3209 offerri
517 3155 669 3229 poterant.

246 3234 322 3312 Quae
343 3236 407 3295 Deo
427 3242 607 3313 pernotum
625 3236 762 3295 solemne
780 3233 891 3295 devota
911 3241 1013 3306 erant,
1034 3237 1113 3296 mori
1135 3237 1293 3307 debebant

210 3328 301 3382 morte
311 3320 457 3389 catenali,
469 3326 521 3380 aut
531 3328 624 3382 morte
634 3320 731 3391 civiti‚·
740 3326 838 3380 morte
850 3323 994 3392 naturali,
1005 3323 1031 3383 si
1045 3330 1131 3384 erant
1143 3327 1293 3391 animalia

210 3406 337 3477 munds,
351 3413 426 3476 ctc.;
435 3412 534 3466 morte
545 3407 646 3481 civili,
656 3423 711 3467 seu
723 3414 870 3487 perpetuo
879 3408 939 3469 Dei
947 3409 1072 3470 servitio
1080 3409 1184 3473 addici
1192 3412 1289 3477 debe·

210 3493 300 3564 bant,
313 3492 339 3551 si
352 3497 439 3551 erant
449 3488 600 3564 homines,
612 3495 693 3572 agri,
708 3501 766 3556 etc.

248 3577 396 3639 Homines
415 3581 517 3636 autem
537 3577 590 3654 qui
610 3592 645 3640 se
666 3586 737 3640 voto
755 3581 874 3660 privato
887 3580 953 3641 Deo
965 3581 1290 3653 denominarentur

212 3669 367 3741 poterunt;
382 3676 458 3723 nam
475 3661 567 3738 (ber.
580 3662 636 3735 27,
651 3665 721 3742 9-9)
738 3666 890 3727 indicatur
909 3667 1056 3744 pretium,
1069 3685 1128 3744 quo
1148 3666 1290 3737 homines

211 3748 276 3810 Deo
292 3748 336 3809 ita
347 3747 451 3810 devoti
463 3747 635 3811 redimendi
658 3759 745 3813 erant
767 3770 776 3810 ι
796 3772 813 3809 c
832 3754 948 3820 Homo,
968 3754 1012 3814 ait
1029 3753 1074 3814 ibi
1090 3755 1224 3834 Moyses,
1236 3760 1292 3836 qni

99 3901 103 3912 Ι
212 3834 1291 3923 svotumlecerit,etspoponderitbeoaniqramsuom,sbaestimations

212 3916 957 4009 »dabitprctitnnzsiiueritmasculusavigesimo
965 3928 1292 4005 annousqucadsexa·

213 4005 390 4085 »gesimam
408 4026 534 4078 anuum,
548 4009 634 4071 dabit
645 4011 861 4091 qninquaginta
873 4012 963 4074 siclos
976 4015 1094 4094 argenti
1112 4015 1151 4076 ad
1168 4034 1291 4079 menso·

213 4110 232 4159 s
244 4107 309 4155 ram
316 4097 477 4162 sanctuarii
483 4095 1045 4176 ;‚sinulier,trtqinta...‚aninalautsn,
1052 4100 1288 4180 qrodimmolart
