2708 4846
481 505 664 554 llbuotlull
684 506 881 554 sanaballat.
1180 506 1226 556 888

138 593 281 658 Tandem
293 593 356 655 lilio
369 595 480 657 nullius
491 597 643 666 mulieris,
655 604 859 676 praeterquam
870 593 992 659 Christo
1004 599 1109 658 Mariae
1123 600 1227 680 Virgi-

137 685 189 745 nis
200 683 265 742 lilio
275 727 283 752 ,
295 682 482 743 conveniunt
491 682 698 753 characteres,
713 700 787 761 quos
799 685 927 745 lsaiasc.
939 683 970 755 9,
982 683 1027 754 6.,
1037 686 1226 746 Emmanueli

136 771 281 850 adsignat
298 789 305 828 :
325 790 341 824 u
355 769 516 841 Parvulus,
530 771 630 848 inquit
640 770 809 850 Propheta,
822 778 911 831 natus
921 779 967 832 est
984 773 1088 845 nobis,
1102 781 1134 834 el
1146 773 1226 835 lilius

139 856 257 917 »datus
269 863 315 916 est
329 855 434 926 nobis,
453 864 485 915 et
499 857 594 917 iactus
607 863 653 916 est
663 857 849 936 principatus
865 874 956 936 super
971 857 1130 918 humerum
1144 859 1223 937 ejus3

138 962 156 999 s
170 950 203 1003 et
214 941 375 1002 vocabitur
385 959 496 1002 nomen
510 940 575 1019 ejus
585 941 789 1011 admirabilis,
808 943 1014 1015 consiliarius,
1027 945 1107 1005 lleus
1121 945 1224 1014 lomb,

138 1047 155 1087 a
168 1037 258 1110 pater
269 1027 361 1088 futuri
374 1029 492 1099 saeculi,
502 1029 646 1107 prinecps
657 1027 751 1106 pacis.
766 1047 782 1082 o

210 1161 227 1226 s
240 1162 505 1211 oebxxlh-Solutb
516 1159 690 1211 difficultatum
703 1162 822 1211 adversus
835 1163 982 1211 vaticinium
997 1161 1066 1210 lsaia
1080 1160 1104 1223 7,
1116 1161 1154 1212 lt.

176 1286 250 1339 848.
270 1285 307 1343 D.
321 1281 479 1343 lsenbiehl
494 1283 637 1362 supponit
652 1285 761 1343 isaiam
783 1300 886 1344 secum
896 1282 1060 1357 habuisse
1075 1282 1227 1362 puellam,

137 1385 230 1447 quam
244 1367 434 1446 indigitaudo
447 1367 591 1428 dixisset:
604 1369 679 1427 Ecce
691 1366 757 1428 haec
768 1368 852 1445 sirpo
870 1368 1023 1446 receptet,
1037 1375 1098 1429 etc.

162 1456 293 1514 -Verum
312 1470 450 1531 quaenam
473 1460 519 1513 est
541 1453 599 1514 ista
620 1453 740 1533 puella?
759 1453 894 1514 Puellam
913 1454 1044 1530 aliqum
1059 1470 1129 1514 cum
1149 1453 1226 1514 lsaia

138 1543 232 1603 hrisse
244 1585 253 1611 ,
264 1540 383 1619 quando
393 1540 473 1600 istud
483 1540 660 1602 vaticinium
673 1540 780 1614 edidit,
796 1539 906 1600 nullibi
917 1541 1046 1620 legitur;
1061 1541 1141 1602 bene
1151 1550 1225 1601 vero

138 1629 253 1707 legitur
280 1626 464 1707 Prophetam
487 1644 590 1688 secum
615 1624 758 1689 habuisse
779 1624 876 1687 tilium
895 1645 980 1688 suum
996 1628 1108 1697 Jasub,
1133 1644 1226 1705 quem

137 1717 221 1777 Deus
230 1714 275 1773 illi
288 1731 391 1775 secum
401 1713 714 1794 ducerepsaeceperat,
725 1732 752 1774 c.
766 1713 830 1784 75.
839 1715 1000 1773 Numforte
1010 1713 1110 1791 puella
1120 1713 1225 1774 lsthaec

138 1810 187 1864 est
198 1800 404 1882 prophetissa,
418 1802 503 1862 isaiae
513 1803 639 1876 conjnx,
652 1801 788 1877 adquam
798 1800 947 1878 propheta
958 1799 1053 1871 esa,
1063 1800 1225 1861 accessisse

138 1886 274 1968 legitur?
290 1888 402 1964 Eique
423 1888 600 1948 vaticinium
620 1890 705 1947 lsa'ioe
723 1895 795 1946 tunc
817 1885 994 1946 recidisset?
1015 1884 1075 1945 huc
1093 1902 1223 1964 nempe,

138 1976 220 2055 quod
233 1972 382 2056 propheta
396 1972 426 2032 l·
437 1973 626 2053 praedixisset
642 1972 876 2052 conceptionem
889 1988 951 2030 suae
969 1971 1072 2032 uxoris
1081 1987 1137 2031 seu
1154 1988 1226 2048 pro-

137 2060 298 2139 phetissae}
308 2054 339 2118 2⁶
351 2058 432 2137 quod
444 2058 632 2138 predixisset
641 2075 679 2118 ex
693 2058 745 2117 illa
757 2058 942 2119 nasciturum
960 2052 1076 2127 lilium,
1095 2064 1127 2116 et
1143 2054 1223 2133 quod

137 2147 206 2208 haec
218 2147 279 2207 duo
294 2145 412 2225 signum
422 2144 549 2206 fuissent
560 2145 703 2223 proximae
715 2144 907 2205 liberationis
924 2144 1075 2222 aregibus
1087 2143 1180 2203 Rasin
1192 2150 1224 2203 et

137 2233 272 2295 Phacee.
283 2233 396 2292 Verum
407 2248 483 2290 uxor
496 2232 579 2291 lsalae
593 2248 654 2291 non
667 2237 767 2310 potest
776 2230 878 2290 vocari
889 2229 993 2306 virgo,
1004 2247 1073 2289 cum
1084 2229 1152 2290 talis
1161 2244 1224 2290 non

140 2325 238 2388 esset;
268 2314 346 2377 lilius
363 2316 445 2377 illius
466 2316 619 2376 vocandus
637 2316 743 2376 luisset
766 2314 953 2384 Emmanuel,
977 2315 1125 2376 holdeum
1144 2316 1223 2376 Dec

138 2403 249 2479 (Isaiae
266 2400 300 2475 7,
313 2402 386 2479 lt),
401 2401 509 2480 illique
521 2400 712 2464 characteres
728 2402 846 2462 Messiae
860 2397 909 2477 (c.
924 2400 994 2476 9,6)
1005 2401 1131 2462 minime
1148 2416 1224 2462 con·

138 2489 278 2551 veniunt.

173 2573 238 2637 Sed
262 2573 346 2634 aiunt
358 2573 542 2643 adversarii,
562 2576 654 2633 lsaias
682 2574 748 2649 regi
768 2572 869 2632 Achae
887 2572 960 2631 dare
985 2573 1082 2632 voluit
1104 2572 1224 2647 signrmr

137 2661 286 2740 proximae
302 2658 492 2718 liberationis
505 2675 522 2717 a
538 2658 663 2735 regibus
677 2656 769 2715 Rasin
786 2663 818 2714 et
830 2655 966 2723 Phacee3
984 2656 1110 2715 Messias
1121 2663 1224 2715 autem

137 2763 201 2807 non
216 2743 277 2805 uisi
293 2751 360 2823 post
375 2751 491 2820 septeni
514 2741 624 2801 saecula
648 2741 816 2800 nasciturus
836 2738 896 2797 tale
918 2739 1037 2815 signum
1060 2754 1125 2797 esse
1142 2738 1223 2798 haud

136 2836 277 2910 poterat,
288 2830 370 2890 bene
381 2845 454 2888 vero
465 2827 543 2887 lilius
557 2829 661 2895 isaiae,
674 2842 764 2903 quom
777 2823 840 2901 ejus
851 2839 927 2882 uxor
939 2840 967 2883 c.
977 2823 1011 2892 8,
1023 2823 1058 2896 5,
1068 2823 1223 2902 peperisse

136 2915 253 2994 legitur
260 2932 270 2986 ς
282 2913 411 2993 proinde
423 2912 484 2973 hoc
496 2912 674 2973 vaticinium
686 2910 818 2988 intelligi
833 2910 939 2987 nequit
951 2909 990 2969 de
1003 2910 1128 2981 Messio,
1141 2909 1222 2970 benc

135 3017 212 3063 vero
224 3000 264 3060 de
273 3003 357 3061 lsa'iae
370 2997 444 3059 filio.

173 3087 303 3166 Signum
327 3086 471 3165 proximae
495 3084 688 3144 liberationis
708 3081 864 3158 aregibus
882 3079 1015 3140 inimicis
1038 3082 1129 3140 lsaias
1155 3085 1221 3159 regi

135 3173 241 3237 Achae
250 3172 336 3233 dedit
346 3171 557 3250 predicendo,
572 3168 653 3246 quod
662 3176 838 3243 antequam,
853 3165 1050 3242 quadriennis
1062 3182 1132 3224 suus
1144 3164 1223 3225 lilius

134 3260 350 3338 Jasub,quem
361 3275 464 3319 secum
473 3253 830 3331 habebaltlsalae7,5)u
838 3251 931 3312 sciret
940 3251 1103 3331 reprobare
1111 3251 1223 3312 malum

136 3367 154 3403 u
166 3354 200 3407 et
212 3345 328 3424 eligere
337 3345 450 3405 bonum
464 3366 480 3400 u
492 3345 553 3418 (ib.
569 3362 599 3403 v.
611 3342 679 3419 ld),
692 3340 775 3418 quod
788 3338 821 3399 fit
836 3339 965 3416 septimo
983 3337 1107 3398 circiter
1125 3338 1224 3399 aetatis

133 3449 238 3503 anno,
252 3439 283 3490 et
296 3431 372 3490 aller
383 3447 453 3491 suus
464 3428 558 3500 lilius,
572 3445 663 3506 quem
674 3426 864 3505 prophetissa
880 3425 977 3500 (lsaiae
990 3422 1023 3493 8,
1036 3421 1077 3499 5),
1091 3423 1224 3502 peperit,

135 3538 153 3575 s
171 3517 268 3589 sciret
288 3506 397 3578 vocare
414 3523 531 3594 patrem
549 3533 635 3576 suum
657 3522 689 3574 et
708 3521 836 3573 matrem
858 3529 943 3572 suam
960 3531 976 3567 o
996 3510 1123 3588 (ibid),
1142 3509 1223 3587 quod

133 3602 221 3664 eirca
232 3602 357 3661 tertium
366 3602 462 3661 aetatis
476 3619 588 3661 annum
601 3600 764 3677 contingit,
776 3615 865 3676 reges
877 3596 970 3656 Rasin
983 3604 1013 3655 et
1026 3595 1145 3656 Phacee
1156 3594 1224 3654 abi-

132 3686 268 3768 gendos,
282 3695 314 3748 et
325 3704 380 3766 per
392 3685 534 3762 Assyrios
544 3685 751 3744 devincendos
767 3700 848 3751 esse,
867 3688 900 3740 ut
912 3698 940 3739 c.
950 3680 986 3748 7,
1002 3680 1047 3751 lli,
1062 3688 1092 3740 ct
1105 3699 1133 3741 c.
1146 3679 1180 3752 8,
1192 3679 1222 3751 l,

133 3789 282 3854 expresse
295 3773 421 3843 dieitur;
436 3772 495 3831 hoc
508 3788 581 3831 vero
595 3770 720 3830 realiter
730 3768 894 3846 contigisse
906 3772 1023 3825 constat
1036 3781 1074 3824 ex
1087 3767 1127 3824 IV
1145 3767 1220 3844 Reg.

134 3858 452 3933 lta-aethera
931 3918 935 3924 ,

172 3948 290 4009 Verum
301 3948 469 4025 excipiunt,
483 3945 635 4024 quomodo
645 3944 712 4005 haec
725 3958 794 4003 cum
804 3940 915 4000 Massia
927 3941 1164 4000 connectuntur?
1173 3938 1223 4001 hd

133 4034 213 4116 quid
224 4034 277 4095 hic
289 4034 406 4094 mentio
418 4033 497 4093 lacta
505 4032 612 4092 luisset
621 4032 661 4092 de
672 4031 809 4111 virgine,
819 4041 886 4104 quae
896 4026 1019 4087 nonnisi
1030 4035 1098 4105 post
1105 4035 1222 4107 septem

134 4121 251 4184 saecxxla
261 4126 446 4200 conceptura
457 4117 581 4180 tusce

1068 4200 1096 4242 th
