2708 4846
226 473 275 521 too
530 471 575 517 ba
595 469 710 517 TEXTU
730 467 772 515 ET
786 462 1028 515 venstolt'mt's

265 566 289 624 E
301 563 452 641 prioribus
461 569 562 623 tamen
576 563 766 641 excipiuntur
776 560 857 621 liber
866 562 1035 639 Sapientiae
1046 566 1080 619 et
1091 561 1119 617 ll
1130 559 1296 620 Machabaeo

228 668 309 719 rum,
328 649 379 726 qni
396 665 495 726 grance
519 649 625 729 scripti
653 655 733 708 sunt.
755 649 863 707 Utrum
885 646 968 706 liber
987 643 1099 706 Tobiae
1120 645 1161 705 sit
1180 655 1298 707 exarato

228 734 382 805 hebraice,
390 735 440 794 vel
451 735 619 804 chaldaice,
632 734 799 812 velgraecc,
811 750 872 792 non
880 732 1006 792 omnino
1017 738 1151 793 constat.
1164 731 1252 791 Liber
1259 735 1298 791 la

227 822 295 882 dith
308 822 465 882 chaldaice
475 821 525 880 vel
536 837 636 899 graece
655 820 842 899 conscriptus
853 819 920 880 luit.

264 912 299 968 ln
308 907 406 986 primo
419 906 537 978 Esdrae,
552 906 680 966 Daniele
688 914 719 965 et
727 908 745 964 J
748 906 862 965 eremia
874 904 1023 966 nonnulla
1034 903 1198 964 chaldaice
1208 906 1300 983 scripta

228 999 400 1055 occurrunt.
423 989 576 1052 Hebraico
598 1009 658 1050 non
682 992 809 1068 amplius
826 996 930 1050 extant
947 997 1070 1068 septem
1091 988 1204 1049 ultima
1218 991 1299 1067 capita

228 1080 379 1148 Relictis,
392 1078 638 1146 Ecclesiasticus,
652 1077 770 1136 Baruch
784 1079 839 1136 etl
853 1076 1113 1135 blachabaeorum.

264 1164 399 1225 ELibris
413 1163 505 1223 saeris
516 1163 588 1221 novi
597 1161 745 1231 Foederis‚
758 1160 1300 1241 Evangeliurnsecundumhlatthaean

228 1257 260 1312 et
270 1249 405 1329 Epistola
419 1248 458 1308 ad
471 1248 618 1307 liebraeos
628 1247 790 1318 hebraice,
804 1264 859 1307 seu
877 1246 1131 1324 syro-chaldaice
1151 1246 1301 1328 consetipta

227 1335 364 1406 luerunt,
379 1341 594 1394 corumantem
605 1340 706 1393 textus
718 1332 890 1412 primitivus
902 1331 1085 1411 deperditus
1100 1340 1161 1395 est.

459 1463 476 1531 s
492 1467 533 1515 lll.
543 1491 573 1502 -
584 1468 621 1515 De
631 1465 792 1528 autographis
801 1466 930 1514 Librorum
942 1477 1082 1516 sacrorum.

264 1590 336 1646 870.
351 1586 546 1665 Antographa
564 1587 725 1645 Librorum
745 1601 898 1647 sacrorum
912 1586 1028 1646 veteris
1048 1586 1193 1649 Foederis
1207 1587 1301 1649 dudum

226 1673 395 1753 perierunt.
409 1670 488 1732 lllud
497 1659 728 1731 Deuteronomii
737 1672 852 1750 hloysis
865 1677 1003 1750 ternpore
1014 1672 1115 1732 Josiae
1128 1675 1212 1752 regis
1221 1674 1301 1743 luda,

227 1759 356 1839 septimo
369 1756 605 1820 antechristum
614 1764 718 1817 natum
730 1756 858 1826 saeculo,
868 1754 967 1816 adhuc
978 1756 1138 1828 extitisse,
1149 1760 1302 1837 elelleg.

226 1845 265 1903 Ὠ
277 1853 309 1904 et
320 1846 345 1902 ll
355 1843 484 1922 Paralip.
495 1843 543 1912 51,
558 1843 604 1913 lt,
616 1850 742 1903 constat.
751 1844 885 1920 Tempus
894 1848 925 1901 et
934 1843 1057 1903 occasio
1064 1859 1175 1904 eorrnn
1183 1845 1304 1906 interitu

227 1931 393 2008 ignoratur.
404 1931 472 2008 lpsa
479 1945 553 1989 vero
560 1929 764 2008 primumcum
773 1927 885 2006 templo
895 1927 1173 2006 hierosolymitano
1182 1932 1305 2012 periisse,

228 2015 353 2076 traditio
363 2015 480 2074 incerta
491 2021 547 2074 est.
913 2061 915 2064 ,

266 2100 441 2180 Archetypa
458 2100 618 2160 Librorum
635 2117 788 2161 sacrorum
807 2100 882 2161 novi
905 2097 1047 2160 Foederis
1069 2102 1189 2180 pariter
1205 2103 1306 2165 dudem

228 2189 451 2268 disparuerunt.
471 2186 549 2246 lllud
570 2187 730 2267 Evangelii
749 2188 780 2247 S.
803 2185 939 2246 Matthaei
954 2193 1101 2263 tempore
1127 2189 1260 2267 origenis
1280 2197 1306 2249 et

229 2271 408 2351 Hieronymi
420 2270 519 2331 adhuc
533 2272 668 2331 extitisse
682 2271 803 2341 dieitur,
810 2270 864 2331 sed
878 2271 917 2331 ah
930 2271 1306 2354 Hebraizantibuseorrup

229 2367 302 2419 tum.
317 2356 423 2418 Petrus
432 2356 601 2417 Alex.vero
612 2353 719 2416 scribit
732 2357 951 2436 autographum
967 2357 1138 2436 Evangelii
1152 2356 1184 2421 S.
1194 2361 1305 2421 Joannis

228 2463 280 2504 suo
295 2453 447 2522 tempore,
461 2441 573 2502 saeculo
592 2458 703 2520 nempe
726 2451 848 2520 quarto,
863 2444 895 2502 in
910 2442 1045 2503 ecclesia
1058 2445 1212 2523 ephesina
1222 2445 1304 2508 adhuc

228 2529 418 2591 adservatum
431 2529 522 2589 hrissc
536 2526 556 2587 ¹.

279 2662 296 2726 s
310 2664 351 2710 lv.
363 2687 392 2698 -
400 2662 559 2710 characteres
568 2661 698 2710 Librorum
708 2674 847 2724 sacrorum,
859 2662 981 2712 eluredus
990 2677 1041 2725 quo
1054 2667 1147 2728 scripti
1157 2667 1262 2718 luerunt.

264 2780 336 2834 ort.
354 2777 553 2839 Characteres
570 2777 711 2839 hebraeos
732 2779 941 2856 originetenus
962 2780 1056 2841 rudes
1079 2782 1193 2854 fuisso,
1217 2790 1302 2862 postet

227 2865 430 2944 elegantiores
442 2865 589 2934 evasisse,
603 2873 694 2942 atque
709 2864 831 2924 tandem
843 2865 969 2924 formam
982 2884 1075 2943 qnam
1094 2871 1190 2931 modo
1207 2871 1303 2931 habent

227 2949 396 3025 accepisse,
418 2952 605 3011 successivus
631 2952 756 3022 artium,
779 2952 1035 3029 scientiarmnque
1062 2960 1304 3036 programma

227 3034 414 3094 eruditorum
426 3053 590 3098 consensus
602 3038 756 3099 evincunt.
767 3037 875 3099 Esdras
885 3055 958 3098 vero
965 3044 1177 3104 communiter
1186 3042 1303 3105 creditur

226 3129 294 3201 post
307 3122 514 3200 captivitatem
524 3124 738 3202 babylonicam
751 3124 908 3184 veteribus
919 3122 1157 3190 characteribus
1169 3128 1302 3208 hebraicis

225 3206 386 3269 nitidiores
405 3207 597 3277 chaldaicos,
617 3211 727 3286 quibus
748 3209 849 3269 ,ludaei
866 3217 1005 3288 ternpore
1019 3211 1112 3273 istius
1132 3215 1221 3294 longi
1235 3211 1302 3275 mlii

226 3289 441 3362 adsueverant,
456 3292 644 3354 substituisse
658 3294 755 3370 (conf.
765 3313 797 3355 n.
811 3295 857 3371 ⁷).
874 3293 1077 3358 Characteres
1087 3315 1167 3360 vero
1177 3298 1303 3361 ileireo

226 3391 292 3436 runa
304 3392 339 3436 ac
352 3377 607 3437 Samaritanorum
619 3379 785 3455 antiquitus
797 3379 893 3441 iidem
901 3379 1034 3440 fuerunt.

262 3460 461 3524 Characteres
472 3462 565 3539 graeci
575 3463 736 3523 Librorum
748 3483 901 3527 sacrorum
919 3466 992 3526 noti
1005 3467 1151 3532 Foederis
1167 3472 1302 3548 olimque

225 3545 319 3616 drati,
337 3548 414 3607 recti
434 3547 628 3619 mundales,
647 3559 754 3627 postea
766 3568 839 3612 vero
853 3552 978 3630 oblongi
994 3568 1031 3612 ac
1048 3555 1178 3633 obliqui
1189 3558 1302 3618 merent

226 3632 423 3694 Characteres
446 3633 580 3693 minores
600 3637 711 3695 saeculo
733 3654 814 3697 nono
834 3637 943 3715 coepti,
963 3643 1055 3713 atque
1080 3643 1199 3702 saeculo
1215 3641 1303 3704 subse

226 3720 331 3796 quenti
344 3719 529 3798 generaliter
539 3721 656 3800 recepti
668 3723 818 3783 fuerunt¹.

260 3807 346 3865 Libri
360 3806 438 3867 sacri
455 3814 555 3866 autem
571 3809 684 3870 veteris
701 3811 816 3869 ctuosi
836 3811 973 3872 Foederis
986 3814 1207 3893 originetenus
1215 3813 1303 3894 scripti

226 3886 347 3950 fuerunt
365 3909 424 3951 una
448 3892 692 3964 continuatione,
706 3895 749 3953 ita
773 3902 806 3954 ut
824 3895 907 3956 inter
925 3896 1052 3975 phrases
1076 3910 1109 3960 et
1128 3903 1212 3983 ipsas
1229 3914 1304 3962 voces

225 4010 361 4126 liliuimus
374 4018 443 4065 ator.
452 4018 531 4064 Trucl.
545 4018 575 4065 do
587 3990 758 4069 l‘aschate.-²
770 4019 1304 4092 11110ΜοηῑίίιυωιιεΡωποιηρὴίητω,
