2708 4846
139 469 184 518 aaa
263 478 264 482 =
540 466 584 512 ua
606 463 806 513 aurarearm
840 436 843 442 ’

173 561 260 640 Quod
281 567 395 640 spectat
413 560 597 637 hntipodcs,
626 560 801 638 Philosophi
815 558 930 636 antiqui
949 573 1036 634 atque
1052 573 1090 617 ae
1109 556 1211 617 Patre!

137 666 241 710 eorum
252 648 441 707 existentiam
454 648 638 724 ignorarunt.
653 646 713 706 Sed
723 664 794 705 rrum
806 645 944 704 notiones
954 640 1209 721 cosmographiae

136 734 273 796 Patribus
295 733 473 792 necessariae
496 739 597 803 erant,
620 731 657 792 ad
677 732 856 809 quaestiones
879 727 950 789 fidei
968 726 1163 788 tractandas?
1177 725 1204 785 S.

136 820 320 898 Augustinus
332 818 631 897 rejecithntipodes,
657 819 707 896 qui
723 818 761 877 ab
772 816 887 876 hdamo
900 832 960 875 non
978 812 1200 874 descenderent

173 905 520 966 Eacommunicationem
531 905 636 981 Vigilii
647 903 788 980 equidem
796 908 897 961 narrat
905 896 1199 969 alventinus,iabulit
1233 958 1235 971 ,

137 999 168 1052 et
190 992 459 1051 declamationibus
482 992 514 1050 in
535 990 707 1050 Catholicos
729 989 910 1048 notissimus.
930 986 992 1046 Sed
1017 985 1078 1045 boe
1103 984 1195 1045 iactam
1233 998 1235 1025 t

136 1080 259 1138 minime
269 1078 428 1157 probatum
439 1084 493 1137 est.
506 1077 608 1136 Solum
616 1082 857 1146 monumentum,
871 1073 951 1150 qnod
961 1073 1000 1133 de
1011 1089 1048 1132 eo
1059 1078 1150 1144 extat,
1159 1077 1193 1131 eet

136 1166 332 1243 fragmentum
358 1165 494 1241 epistolae
518 1163 671 1223 Zacharia·
698 1179 784 1241 papae
809 1161 847 1221 ad
869 1160 1073 1229 Boniiacium,
1094 1159 1126 1218 in
1147 1174 1191 1236 qut
1217 1172 1225 1199 ⁰

137 1251 293 1311 Zacharias
323 1250 427 1309 dicit:
453 1250 485 1308 Si
510 1250 667 1326 probatum
689 1255 734 1309 est
760 1247 908 1325 vigilium
933 1245 1099 1306 defendere
1128 1242 1190 1321 quod

137 1346 218 1398 extet
234 1339 309 1398 alius
322 1337 463 1408 muudus,
481 1337 577 1396 etalii
594 1337 732 1396 homines
748 1335 803 1395 sub
819 1334 876 1393 hac
894 1341 989 1403 terra,
1007 1333 1086 1392 alter
1097 1331 1189 1402 sohel

137 1423 230 1483 altera
249 1424 336 1492 luna,
361 1439 512 1501 congrega
532 1422 717 1490 Concilium,
736 1421 816 1501 pello
835 1419 983 1498 vigilium
1004 1437 1043 1480 ex
1059 1415 1188 1485 Ecclesia

137 1518 293 1590 postquam
302 1510 387 1567 illum
400 1526 418 1567 a
431 1509 600 1568 sacerdotio
614 1508 800 1587 deposueris.

172 1595 292 1654 Nullum
314 1602 414 1654 autem
431 1594 561 1653 habetur
580 1602 820 1663 monumentum,
847 1592 907 1653 boe
925 1589 1081 1652 Pontificis
1096 1588 1188 1666 jusum

138 1679 589 1750 executionimandatumioisse,
597 1680 661 1739 sive
673 1678 752 1754 quod
766 1678 915 1738 accusatio
921 1671 1188 1755 adversusVigiliur

137 1768 226 1827 luerit
250 1767 438 1845 deprehensa
465 1765 553 1837 falsa,
578 1766 641 1825 sive
666 1765 746 1842 quod
772 1764 903 1842 vigilius
923 1762 1104 1823 sententiam
1124 1774 1189 1821 stra!

138 1855 355 1915 retractaverit.
370 1855 397 1908 V
399 1853 503 1931 igilins
515 1853 673 1932 episeopus
686 1851 914 1930 salisburgensis
926 1850 1037 1920 iactus,
1051 1854 1117 1930 post
1126 1860 1188 1908 nu·

138 1949 199 1999 tem
210 1948 381 2000 sanctorum
395 1941 464 2000 albo
476 1938 643 2016 adscriptus
655 1938 711 1997 luit
726 1938 746 1995 ¹.

173 2027 204 2086 6⁰
215 2028 273 2086 llic
286 2043 369 2085 error
381 2025 434 2084 diu
443 2025 602 2102 dissipatus
614 2024 688 2094 fuit;
702 2030 819 2084 constat
832 2023 927 2093 enirn,
942 2022 1079 2094 climata,
1092 2034 1188 2088 aerem,
1233 2038 1235 2049 ·

138 2112 209 2172 solis
223 2113 344 2171 ardores
357 2111 424 2189 plus
433 2112 569 2170 minusve
582 2111 685 2180 fortes,
698 2128 834 2170 normam
846 2110 980 2181 vivendi,
994 2118 1064 2179 etc,
1080 2108 1190 2170 colore!
1233 2158 1235 2165 .

138 2195 303 2266 leontinum,
314 2198 374 2256 imo
388 2203 419 2255 et
427 2197 551 2256 formam
560 2214 718 2275 corporum
727 2197 854 2257 variare.
870 2197 1065 2276 Experientia
1080 2198 1189 2264 constat,
1233 2190 1235 2195 ’

139 2282 275 2342 homines
287 2284 390 2360 nigros
399 2290 466 2359 post
475 2290 601 2359 quatuor
611 2283 732 2343 circiter
744 2284 956 2360 generationes
967 2283 999 2343 in
1009 2282 1190 2363 frigidisscp

139 2370 297 2428 tentrionis
309 2368 474 2447 provinciis
491 2366 558 2426 lieri
577 2368 679 2440 albos,
700 2375 731 2428 et
749 2368 887 2429 homines
903 2370 987 2429 albos
1001 2377 1069 2449 post
1086 2364 1191 2428 natm
1232 2392 1235 2447 ;

139 2456 349 2532 generationes
362 2456 394 2514 in
405 2454 512 2516 calidis
525 2472 608 2515 zonae
621 2456 743 2515 torridae
753 2456 924 2517 climatibus
938 2454 1006 2517 fieri
1017 2456 1128 2537 nigros.
1139 2454 1190 2515 ue
1232 2460 1235 2521 :

139 2540 303 2617 probarunt
314 2541 665 2620 LusitaniinAEthiopia
676 2542 756 2620 nigri
766 2543 846 2604 sacti.
1233 2546 1235 2553 '

176 2626 349 2687 Americani
363 2634 596 2706 temperatorum
609 2634 640 2687 et
657 2636 859 2689 montosarum
869 2627 1101 2690 occidentalium
1112 2623 1190 2705 reglu-

141 2728 211 2769 num
223 2730 283 2771 non
293 2720 363 2772 sunt
372 2713 481 2774 coloris
490 2713 566 2773 adeo
576 2715 668 2785 aenei,
683 2730 771 2790 quam
783 2714 844 2783 illi,
860 2714 912 2791 qui
924 2713 1062 2774 incolunt
1072 2713 1190 2792 regium
1214 2780 1218 2785 ,

140 2798 238 2857 uentis
251 2805 280 2856 ot
291 2798 507 2859 mutationibus
517 2800 720 2876 atmosphaerae
737 2801 831 2876 magis
852 2799 1012 2878 expositas.
1233 2840 1235 2877 ,

177 2883 287 2941 Incolae
309 2883 463 2961 plagarum
483 2884 762 2963 septentrionalium
781 2885 959 2962 senegalliae
977 2891 1046 2946 sunt
1059 2880 1190 2964 parri&
1232 2892 1235 2919 ¹

142 2965 250 3027 coloris
259 2968 427 3040 cineracei;
439 2970 491 3046 qui
500 2987 573 3029 vero
585 2983 652 3029 oras
662 2969 811 3049 oppositas
823 2968 1006 3042 inhabitant,
1016 2958 1189 3051 smtprocul

141 3066 177 3111 ac
186 3052 310 3113 robusti.
321 3056 415 3113 Immo
427 3056 537 3117 nostris
547 3056 580 3115 in
593 3056 763 3117 climatibus
775 3056 899 3135 populus
908 3056 1035 3116 multum
1049 3057 1103 3117 sub
1111 3054 1189 3116 uiae

141 3138 316 3283 arqentibus
336 3143 518 3215 solisradiis
546 3143 700 3214 laborans,
719 3145 853 3205 colorem
870 3144 984 3205 iuncum
1003 3145 1188 3206 Lusitanom

141 3241 173 3283 m
197 3227 249 3286 uit.

176 3311 302 3371 Diversa
311 3319 412 3373 autem
421 3314 540 3374 indoles
550 3321 581 3373 et
590 3315 713 3375 vivendi
723 3316 814 3388 ratio,
830 3333 848 3377 a
860 3316 978 3378 diversa
989 3322 1133 3378 structura
1140 3320 1190 3373 etr·

140 3397 237 3475 poris,
250 3405 281 3473 et
291 3398 329 3458 ab
347 3400 525 3461 educatione
537 3399 711 3478 dependent
723 3401 746 3460 ².
817 3390 822 3401 ’

442 3529 457 3594 s
467 3531 552 3579 1111111.
560 3556 590 3567 -
600 3534 636 3581 De
648 3533 803 3596 chronologia
813 3534 909 3597 Moysis.

178 3648 247 3703 118.
262 3647 326 3727 obj.
344 3648 434 3708 Juxta
445 3649 561 3710 Deistas
572 3648 775 3729 chronologia
787 3652 916 3711 mosaica
930 3653 1053 3712 omnino
1063 3650 1132 3712 falsa
1142 3644 1190 3710 etit
1232 3600 1235 3695 1

140 3731 1192 3811 uamaiuntzl⁰Jurtaltloyscnmundusdumtaratblltlhcirciterannoru!
1232 3778 1235 3809 ,

142 3820 257 3891 existit,
273 3821 353 3898 quod
368 3821 563 3899 scriptoribus
581 3823 710 3899 antiquis
728 3841 847 3900 prorsus
862 3821 1050 3884 adversatura
1065 3820 1192 3883 Diodontt
1232 3814 1235 3861 ¹

141 3904 258 3969 Siculus
270 3909 358 3984 {enim
375 3915 501 3969 testatur
513 3907 670 3970 Chaldaeos
688 3927 740 3970 suo
762 3917 897 3989 tempore
921 3908 1048 3983 ,trabea
1067 3912 1193 3971 annom
1233 3940 1235 3957 ι

142 4023 406 4161 pqpqaqfappmpqqq
417 4032 448 4083 ue
457 4027 579 4083 savona
590 4032 698 4095 raone,
708 4020 1195 4106 aros.-²vu0w1uaa2nnana,t1l

161 4129 168 4145 ⁸
229 4131 237 4161 l
319 4135 327 4164 t
402 4137 439 4163 ‘-
