2708 4846
559 470 606 522 DE
618 469 826 522 mvtttlstnn

264 649 333 723 8¹¹·
344 677 374 693 -
383 652 421 706 lte
430 654 501 706 ltbrtr
510 651 690 719 prouocarent
699 656 845 719 populorum
853 665 903 706 non
913 652 1113 737 cmbtianorum.

127 827 133 842 ·
191 807 243 863 46.
256 805 320 886 obj.
335 806 449 869 Omnes
460 805 575 886 populi,
589 806 674 867 aiunt
684 803 848 877 increduli,
862 822 931 865 suos
943 804 1037 866 libros
1048 822 1161 880 sacros,
1175 821 1230 871 sen

152 894 325 974 religiosos,
340 894 460 956 divinos
474 893 578 954 dicum
589 913 596 951 :
607 893 652 954 sie
664 893 780 965 Persae,
793 891 1016 960 lead-Aceste,
1032 892 1100 952 Indi
1117 894 1228 956 Vectem

150 994 189 1040 ac
201 978 440 1048 Erote-Vedom,
451 978 593 1039 Sirenses
603 978 800 1055 comnena,
806 976 1230 1056 MuhammedaniKornnum,

55 1110 58 1114 a
153 1064 332 1143 Rabbapitae
346 1063 528 1133 Temere,
539 1061 674 1123 divinam
684 1062 842 1123 continere
854 1061 1074 1123 revelationem
1086 1063 1228 1126 eredunt
1258 1058 1263 1067 '

153 1136 277 1214 Constat
289 1157 389 1211 autem
405 1165 510 1211 omnes
520 1148 613 1209 hosce
628 1146 725 1208 libros
737 1146 857 1208 divinos
873 1164 935 1207 non
950 1163 1026 1207 esse
1045 1147 1143 1225 Quis
1134 1151 1228 1239 igitur

151 1235 213 1295 sibi
225 1235 418 1313 persuadeat,
428 1234 537 1295 Libros
549 1249 650 1296 saeros
661 1232 900 1295 Christianorum
912 1248 978 1293 esse
993 1232 1138 1295 divinos?

188 1324 274 1400 Resp.
287 1321 452 1400 stupiditas
463 1320 570 1380 horum
583 1319 838 1416 populoruup,qu1
829 1318 911 1378 sibi
922 1317 1014 1380 hosce
1027 1318 1227 1385 librosaver-

151 1406 309 1485 sipellibus
318 1406 531 1485 impostoribus
540 1404 662 1466 obtrudi
677 1403 755 1482 passi
765 1410 844 1475 sunt,
855 1419 944 1464 eausa
956 1409 1011 1476 est,
1024 1422 1079 1465 eur
1091 1406 1144 1468 isti
1153 1409 1226 1471 libri

149 1500 185 1553 ut
204 1492 282 1554 sacri
294 1508 330 1553 ac
347 1491 446 1552 diuini
465 1490 545 1570 apud
564 1491 634 1551 illos
645 1490 822 1550 habeantur.
836 1489 948 1550 Eorum
967 1489 1127 1570 inspiratio
1141 1495 1224 1557 nullo

150 1585 326 1659 argumento
335 1579 478 1657 probatur
485 1596 493 1648 ;
505 1577 642 1638 doctrina
654 1593 727 1638 vero
737 1576 770 1635 in
783 1576 843 1647 eis,
855 1583 887 1636 et
898 1577 930 1636 in
941 1575 1061 1637 illorum
1073 1576 1227 1660 religione

150 1671 306 1736 contenta,
325 1664 435 1742 partim
457 1662 599 1735 ridicula,
618 1662 728 1742 partim
743 1662 965 1741 superstitiosa,
988 1663 1099 1740 partim
1119 1676 1224 1745 aperte

150 1749 280 1822 faisant
292 1764 359 1826 quae
369 1747 603 1827 polytheismrnn
615 1745 848 1827 speetat,hosee
857 1745 951 1806 libros
961 1746 1000 1806 ab
1009 1747 1224 1826 impostoribus

148 1834 328 1915 compositos
338 1851 418 1906 csse,
429 1833 510 1895 clare
526 1832 745 1908 evincit(conl.
759 1850 789 1892 n.
802 1833 817 1891 l
828 1833 956 1910 notam).
967 1833 1106 1896 Proiecto
1116 1854 1221 1914 nemo,

147 1920 299 1983 miraculis
309 1919 521 1996 vaticiniisque
532 1918 673 1999 insignis,
684 1918 740 1979 bos
752 1919 846 1980 libros
857 1926 891 1979 ut
902 1917 1021 1979 divinos
1031 1918 1149 1983 habuit.
1166 1981 1171 1989 ,

183 2005 363 2065 Mulierosus
378 2003 605 2064 Mobemmedes
625 2019 644 2062 a
660 2004 827 2075 messanis,
844 2002 953 2079 judaeis
968 2002 1096 2082 aliisque
1110 2024 1221 2085 provo-

142 2097 246 2162 cetis,
257 2095 292 2150 ιιι
304 2089 479 2150 missionem
492 2104 576 2149 suam
591 2088 743 2165 miraculis
755 2085 959 2159 confirmaret,
972 2091 1160 2169 respondere
1172 2112 1221 2156 so·

146 2176 238 2247 lebat,
252 2194 268 2230 ιι
282 2173 436 2233 miraculis
447 2189 508 2233 non
520 2189 639 2251 semper
649 2171 798 2235 creditum
810 2172 915 2243 luisse,
931 2194 946 2229 ιι
957 2172 1008 2233 aul
1023 2194 1039 2230 ιι
1052 2192 1086 2236 se
1098 2179 1221 2243 missum

143 2274 237 2323 onon
255 2278 321 2322 esse
336 2259 376 2320 ad
390 2259 535 2337 patranda
547 2259 707 2330 miracula,
729 2259 783 2321 sed
807 2259 846 2319 ad
866 2259 1104 2338 praedicandum.
1121 2285 1137 2321 ιι
1154 2268 1223 2330 Nisa·

144 2349 223 2410 lorte
233 2345 377 2413 miracula
393 2345 469 2417 sint,
482 2352 518 2406 ut
529 2344 668 2406 nonnulli
677 2344 867 2429 jactitarunt,
883 2345 1052 2408 columbam
1065 2350 1104 2410 ad
1116 2368 1220 2415 aurem

143 2431 363 2495 Muhammedis
372 2429 527 2492 advolasse
532 2429 633 2507 ,quod
645 2438 710 2491 arte
722 2430 810 2492 facile
823 2429 889 2491 fiori
902 2432 1014 2510 potuit,
1028 2437 1217 2499 camelum
1189 2458 1218 2500 er

144 2521 201 2581 soli
219 2519 258 2580 de
279 2524 369 2579 noete
384 2533 450 2579 csse
470 2517 618 2589 locutum,
640 2518 765 2579 remotis
787 2533 897 2595 nempe
921 2519 1056 2591 arbitris,
1079 2540 1218 2625 maguam

143 2605 223 2667 lunae
234 2604 402 2687 partemin
413 2603 561 2664 manicam
574 2601 637 2680 ejus
649 2619 715 2663 esse
727 2602 886 2682 dilapsam,
901 2611 1005 2682 postea
1018 2605 1057 2665 ab
1072 2624 1110 2668 eo
1123 2610 1203 2670 ad
1178 2631 1218 2672 ιι

142 2689 211 2752 deri
222 2707 306 2752 suam
314 2687 530 2750 rotunditatem
540 2686 726 2750 reddendam
735 2687 782 2748 1111
796 2704 861 2751 esse
873 2690 1041 2750 restitutam
1048 2693 1153 2771 qnod
1164 2713 1217 2759 sua

140 2775 327 2837 absurditate
337 2774 496 2836 refellitur.

177 2862 224 2920 En
238 2867 338 2920 autem
346 2856 565 2920 Mubammcdis
576 2860 609 2920 in
620 2859 779 2923 condendo
791 2860 910 2920 Korano
920 2860 1061 2922 consilia!
1076 2882 1092 2919 ιι
1106 2864 1150 2926 Ut
1162 2866 1216 2926 Ju.

142 2946 246 3008 »daem
256 2946 406 3024 placeret,
421 2965 437 3002 ιι
451 2945 494 3004 ait
512 2945 550 3005 cl.
565 2944 714 3007 Leonard.
725 2946 927 3017 Froercisen',
942 2968 958 3004 ιι
975 2945 1214 3012 Christianorum

143 3051 159 3089 ιι
171 3030 351 3091 Trinitatem
360 3027 574 3108 rejecit,quod
585 3037 617 3091 et
626 3030 747 3092 Arianis
756 3030 879 3111 placuit,
891 3032 1214 3114 circumcisionemque

140 3137 157 3175 ιι
170 3117 291 3178 illomm
301 3117 438 3178 retinuit.
451 3118 494 3176 Ut
505 3116 693 3198 philosophis
706 3134 741 3179 se
752 3119 991 3191 commendaret,
1006 3119 1213 3197 Polytheismo

140 3203 337 3275 »Deismum,
355 3202 407 3263 vel
424 3202 524 3281 potius
537 3200 728 3265 Stoicismum
739 3201 881 3281 praetulit.
901 3204 945 3261 Ut
960 3210 1079 3264 sanctas
1092 3205 1213 3269 uidere·

140 3307 156 3346 ιι
171 3295 234 3361 tur
248 3287 314 3349 uini
332 3303 418 3348 usum
430 3288 596 3366 probibuit.
612 3289 656 3347 Ut
667 3304 722 3366 spe
735 3286 906 3347 mortalitun
922 3296 1045 3366 pectora
1057 3290 1210 3368 alliceret,
1210 3308 1224 3336 ··

139 3374 286 3451 »elyseos
302 3378 508 3449 postmortem
525 3370 679 3451 pollicitus
693 3377 738 3431 est
748 3387 877 3450 campos.
891 3374 934 3431 Ut
951 3374 1115 3455 complices
1128 3377 1212 3439 alere

138 3477 155 3516 ιι
170 3463 286 3538 posset,
298 3455 355 3516 sub
368 3455 626 3535 eleemosynarum
641 3462 788 3533 praetextu
804 3472 927 3556 magpas
938 3458 1074 3534 undique
1086 3460 1212 3541 collegit

138 3562 154 3600 ι
167 3557 305 3604 summes.
317 3540 365 3601 Ne
377 3539 564 3602 Christianos
575 3540 753 3612 otlenderet,
764 3543 904 3604 maximis
913 3542 1066 3607 Christum
1081 3551 1113 3604 et
1125 3548 1210 3625 Apo-

137 3627 259 3689 ostolos
269 3624 465 3688 nommrbus
455 3625 623 3704 insignivit,
634 3633 666 3687 et
675 3626 783 3706 elegus
792 3627 1017 3700 condecoravit
1031 3635 1122 3708 atque
1134 3646 1210 3711 pra

136 3715 302 3794 ascripsit,
303 3727 550 3792 quaesooposuo
561 3711 836 3795 maximeproiicua
847 3715 1057 3785 arbitrabatur,
1072 3724 1131 3779 etc.
1206 3740 1212 3747 ·

172 3801 262 3861 Sacra
272 3800 374 3861 Bibba
381 3814 456 3861 vero
467 3814 486 3859 a
497 3798 675 3862 Christianis
688 3808 720 3862 ut
732 3801 900 3863 divinitus
891 3801 1035 3898 inspirata
1046 3802 1208 3878 habentur,

105 3912 112 3920 ·
136 3880 637 3960 eomrodalcsuetabnpostolis,
648 3882 1210 3960 quidivinamsuammissionemucris

165 4019 270 4074 ¹llrerls
279 4022 412 4076 delineatio
420 4024 525 4092 ‹luormn
542 4023 701 4106 impostorum
715 4038 858 4091 manorum
872 4027 1051 4085 nampionis
1062 4029 1090 4085 at
1102 4029 1207 4084 ziazone

135 4093 229 4150 mult
237 4095 400 4156 suenone
409 4095 481 4153 siuc'
473 4082 639 4159 mnesteus
647 4106 720 4163 anpo.
