2708 4846
320 490 510 539 ttaaotturt
525 488 727 540 SAGRORUM.
1014 486 1059 538 {db
1147 540 1149 545 ,

110 582 172 653 ‚uhi
185 589 343 643 occurrrmt
354 583 463 644 tabmae
472 583 592 662 scriptae
601 583 714 660 Moysis
723 625 731 653 ,
741 596 807 659 quae
815 573 971 640 notionem
979 579 1060 642 litte-

112 669 141 727 in
159 669 297 728 Hebraeis
321 669 360 730 ad
382 670 448 731 illas
465 668 678 748 intelligendas
693 666 826 749 proiecto
841 666 1059 748 supponebant.

110 756 246 817 tellomm
254 757 378 817 Domini
390 756 497 833 (Nmn.
508 757 542 816 al
553 801 560 827 ,
571 756 606 835 tr)
618 800 626 827 ,
640 763 672 817 et
679 757 812 825 cantica,
824 774 890 834 quae
902 756 934 814 in
951 758 1061 816 Penta·

110 845 306 923 reperiuntur,
316 861 401 904 usum
409 844 578 905 litterarum
587 844 709 903 omnino
717 843 1061 922 praesupponuntlmmo

110 938 159 990 ate
179 929 361 991 Patriarchae
380 930 489 991 Jacohi
513 930 635 990 nomina
650 929 768 990 annulis
789 928 937 1007 insculpta
953 926 1059 999 bisse,
1138 950 1142 957 ¹

110 1017 176 1077 iex
196 1017 305 1077 annulo
327 1017 416 1076 Judae
436 1018 546 1079 tradito
560 1015 691 1076 Thamar
706 1016 802 1092 (Gen.
819 1016 873 1088 58,
889 1015 956 1092 ili),
977 1022 1062 1076 etex

110 1103 269 1166 Pharaonis
279 1104 348 1165 dato
361 1105 495 1185 Josepho
508 1103 520 1181 (
531 1104 609 1165 Gen.
619 1104 653 1163 u
663 1147 671 1176 ,
682 1103 755 1182 ti),
770 1104 874 1184 colligi
886 1119 973 1184 posse
984 1103 1062 1165 exis·

110 1265 146 1336 rae¹
171 1275 265 1353 igitur
293 1293 311 1336 a
333 1275 441 1336 Noomi
465 1276 595 1355 posteris
616 1275 649 1336 in
672 1275 829 1338 Phoenicia
855 1275 1063 1337 verisimiliter

110 1366 156 1434 θ’,
170 1371 201 1423 et
211 1364 408 1423 orientalibus
417 1364 535 1442 populis
549 1381 613 1423 aevo
628 1363 835 1440 antiquissimo
846 1371 943 1434 notae‚
955 1380 1061 1423 amer-

110 1468 139 1511 us
152 1450 346 1510 Phoenicibus
359 1467 416 1528 per
425 1449 603 1526 Orientem,
621 1449 796 1522 meridiem,
814 1457 846 1510 ct
862 1446 1062 1512 Occidentem

111 1542 237 1596 taesunt.

169 1670 247 1738 ng.
259 1697 288 1705 —
299 1671 399 1721 Materia
409 1672 435 1720 et
444 1670 607 1720 instrumenta
617 1672 723 1734 antiquae
733 1673 877 1733 scriptura:

111 1795 184 1853 rima
195 1791 349 1872 scriptura.
363 1794 489 1852 materia
501 1809 566 1868 quae
578 1791 684 1864 tuerit,
696 1792 778 1853 haud
793 1793 891 1869 liquet
905 1811 913 1851 ε
927 1791 967 1853 ad
978 1793 1061 1855 illam

110 1881 203 1942 criseis
216 1882 400 1960 temporibus
412 1878 635 1938 adhibebantur

110 1982 176 2046 igno
190 1966 373 2045 vegetabili:
389 1963 419 2023 l⁰
430 1963 502 2023 tolia
520 1963 671 2026 arborum.
682 1962 797 2026 AEneas
807 1964 885 2044 apud
898 1964 1061 2044 Virgilium

110 2054 133 2117 l.
142 2056 163 2115 l.
176 2055 215 2132 6)
228 2054 352 2133 Siltp'llae
366 2051 509 2114 Cumauae
522 2044 565 2111 ait
579 2069 588 2109 :

200 2226 242 2238 ...
253 2192 326 2238 Foliis
338 2190 432 2239 tantum
442 2201 473 2237 ne
486 2179 593 2237 carmina
602 2158 707 2250 manda3

198 2262 233 2309 Nc
244 2263 339 2309 turbata
350 2262 433 2308 volent
445 2259 539 2320 rapidis
549 2259 658 2307 ludibria
668 2258 759 2308 uentis.

110 2389 179 2443 trter
190 2383 344 2453 arborum,
356 2381 442 2450 titur,
455 2389 541 2450 etan,
554 2387 689 2441 vocatus.
703 2381 749 2440 Ex
759 2378 813 2440 illo
827 2380 899 2441 dein
913 2377 1061 2456 resoluto,

110 2486 151 2530 tuo
173 2476 343 2547 compacto,
366 2469 497 2529 corticea
520 2468 623 2529 olianta
646 2465 782 2528 contecta
801 2467 867 2527 luit.
888 2468 919 2527 5⁰
945 2469 1062 2531 Tabula

119 2555 288 2635 pupillaris,
301 2564 377 2624 uitet,
399 2555 437 2614 de
451 2572 508 2631 qua
524 2552 685 2630 (Ezechiel
696 2552 747 2623 57,
759 2552 810 2623 lo,
827 2560 857 2612 ot
869 2555 940 2614 Luc.
954 2554 1060 2632 l,65).

117 2641 300 2712 Occidente,
312 2660 378 2702 raro
390 2643 420 2700 in
431 2640 575 2709 Oriente,
589 2655 659 2698 cera
671 2638 868 2699 illiniebatur.
879 2639 911 2697 [ιο
921 2641 1059 2700 Lettatm.

110 2745 184 2791 omae
200 2730 371 2790 existebant
382 2727 454 2785 libri
471 2725 574 2793 lintei,
589 2723 627 2782 de
643 2723 752 2799 quihus
767 2723 827 2781 Tit.
841 2724 943 2784 Livius
955 2725 1063 2785 memi-

110 2800 144 2876 tm
156 2832 272 2895 potatos
290 2814 421 2890 cytinus,
436 2811 486 2888 qui
502 2811 534 2867 in
548 2808 763 2887 AEgyptiorum
778 2809 897 2869 momiis
911 2809 1063 2872 adhibitus

110 2902 287 2982 suspicitur.
305 2899 335 2958 ὅθ
350 2898 460 2958 Clrarta
473 2912 656 2975 papyraceo,
670 2911 759 2971 quam
775 2912 813 2954 ex
827 2894 954 2957 diversis
973 2912 1064 2956 artm-

110 2989 236 3071 tpapyri
257 2994 404 3065 paratam,
421 2984 483 3062 jam
503 2991 574 3042 ante
595 2981 710 3042 bellum
729 2980 877 3059 troianum
895 2982 1063 3044 adhibitam

110 3075 197 3134 oribit
208 3073 323 3133 Plinius
339 3071 359 3129 ¹.

110 3176 180 3239 epiro
197 3159 318 3220 animali
331 3156 453 3216 'usitatae
469 3158 554 3213 erant
570 3170 577 3209 :
592 3151 622 3209 l⁰
637 3150 728 3210 Pelles
741 3151 928 3222 animalium,
946 3169 1011 3227 quae
1024 3154 1063 3212 ab

110 3244 169 3307 rudi
184 3244 275 3304 modo
291 3242 488 3321 parabantur3
509 3238 563 3301 sed
580 3237 636 3298 suh
653 3238 802 3308 Eumene,
819 3253 892 3314 roge
910 3238 1062 3315 Pergami,

118 3332 224 3393 modus
246 3347 296 3390 cas
312 3327 501 3409 praeparandi
520 3327 663 3387 inventus
680 3325 780 3408 esti&
794 3340 886 3402 quare
906 3324 993 3404 pellis
1005 3323 1063 3387 isto'

116 3467 245 3517 metum
256 3468 274 3513 l.
288 3467 329 3526 la,
340 3466 370 3512 22
382 3465 468 3524 etseq.

112 3528 225 3579 manua
236 3526 360 3591 (Pharsal.
373 3527 390 3573 l.
402 3527 426 3574 5.
440 3540 463 3574 v.
475 3522 592 3587 iio-iffi)
604 3524 684 3574 canit:

208 3704 314 3741 Μιιιιιηπι
325 3703 400 3736 rudibus
412 3713 471 3737 votem
482 3702 553 3748 rigum
562 3702 630 3747 figuris.

208 3758 294 3795 rioldum
304 3757 396 3790 daminus
406 3755 496 3801 Memphis
505 3763 596 3790 contuere
609 3755 667 3788 titio·

210 3810 229 3849 li
274 3819 305 3846 ιιι
315 3818 330 3844 c‘
341 3822 385 3844 urar
396 3817 463 3843 rantum
473 3810 599 3854 volucresque,
608 3809 697 3853 itaqu,

112 3852 123 3925 ,ε
163 3918 176 3923 ,,
209 3823 319 3911 &matu
329 3864 423 3899 “mittut
434 3864 511 3905 mrim
519 3863 605 3897 animatia
614 3861 692 3911 lingon,
702 3870 707 3901 .'

110 3960 172 4023 ΗΒ
179 3958 213 4021 ὦ
222 3964 337 4036 operibus
347 3966 396 4014 riti
406 3964 471 4012 livii
481 3964 547 4013 canit
555 3977 573 4011 r·
618 3954 621 3959 ’

213 4084 292 4122 Pellibus
301 4086 367 4131 eripuis
376 4089 455 4118 arctatur
464 4081 524 4117 Livius
533 4082 606 4127 tipum,

237 4137 294 4186 Quem
302 4151 340 4175 ner
348 4140 377 4175 viz
391 4143 449 4173 totum
457 4135 565 4174 bibliothece
573 4130 627 4183 capit.
