2716 4838
450 469 638 519 slsuouuu
658 469 861 520 sacnonuu.
1152 474 1195 523 ddi

54 557 241 621 tantiam
256 558 471 620 miraculormn
490 560 604 624 Christi
616 561 781 633 fateantur,
796 577 892 639 eaque
904 561 1058 624 dumtaxat
1071 567 1197 645 magiae,

64 647 241 726 aliisque
262 646 361 708 camis
380 647 494 729 ineptis
511 647 692 719 attribuant,
706 654 854 709 testantur
869 665 903 711 se
921 652 1065 712 miracula
1082 652 1198 717 Christi

79 749 170 794 meu
181 732 262 794 tacta
273 729 456 803 credidisse;
469 732 550 793 bona
562 749 636 812 ergo
649 731 725 793 tides
734 733 855 794 illorum
864 740 980 797 tantum
989 738 1088 814 quoad
1099 738 1198 819 expli·
1223 742 1229 757 “

93 818 266 881 <ationem
288 817 410 889 deerat,
429 816 560 898 proinde
581 818 676 879 multo
696 820 847 897 aequiores
869 828 958 882 erant
975 840 1064 900 quam
1085 825 1199 888 baisse

95 904 209 967 moseri
227 903 297 965 aevi.
310 904 460 982 Quantam
477 921 550 964 vero
563 904 626 962 vim
639 904 743 984 inepta
753 904 1002 987 philosophorum
1013 926 1199 990 paganorum

101 989 226 1070 scripta
245 988 279 1049 in
300 987 440 1051 homiues
461 989 551 1050 bonta
573 986 646 1048 tidei
664 987 843 1061 habuerint,
860 998 961 1071 patet,
974 993 1056 1071 quod
1076 996 1198 1072 quando

110 1072 212 1136 adhuc
232 1072 395 1153 vigebant,
409 1073 562 1135 innumeri
574 1073 714 1135 homines
734 1073 850 1137 Christi
866 1074 959 1136 iidem
969 1079 1100 1160 amplexi
1117 1082 1197 1154 sint,

110 1170 143 1223 et
166 1160 289 1221 milleni
311 1159 478 1225 Chsistiani
500 1176 587 1222 suum
610 1160 790 1239 sanguinem
810 1177 866 1241 pro
887 1162 1018 1226 veritate
1038 1165 1199 1246 Evangelii

112 1246 257 1311 fuderim.

170 1414 388 1485 mvn-nan
397 1414 510 1467 historici
521 1416 626 1478 gentiles
635 1416 763 1467 nimmia
772 1417 832 1467 nori
841 1418 994 1471 Testamenti
1004 1416 1136 1474 eiluoeofit.

148 1561 223 1621 nb.
232 1559 311 1637 Quis
321 1558 490 1628 scit,aiunt
496 1559 623 1629 Deistae,
634 1565 734 1619 oborn
746 1560 886 1638 Apostoli
896 1563 971 1623 lesu
982 1579 1089 1643 reapse
1099 1564 1198 1647 arept-

114 1646 172 1709 eati
180 1646 244 1708 siut
255 1661 340 1706 suam
349 1644 524 1705 missionem
535 1643 767 1722 Hierosolymis,
775 1645 828 1705 ubi
841 1646 978 1707 falsitatis
988 1650 1074 1726 argiri
1084 1652 1198 1730 potuis-

113 1735 201 1794 sentt
212 1730 358 1793 ilistoriol
379 1729 499 1811 protani
518 1729 557 1791 de
568 1729 628 1790 hoc
639 1731 742 1790 silent.
756 1728 787 1789 l⁰
800 1730 833 1790 Si
846 1737 893 1791 tot
903 1732 1062 1811 prodigia,
1075 1753 1144 1812 quae
1162 1738 1197 1799 ia

114 1816 289 1898 lirangoliis
307 1823 483 1885 narrantur,
505 1830 579 1876 vera
601 1822 716 1887 assent,
736 1830 775 1875 an
795 1814 934 1876 historici
953 1817 1085 1895 gentiles
1101 1819 1141 1881 da
1158 1821 1198 1884 iis

113 1904 207 1966 locuti
219 1919 282 1964 non
294 1902 414 1963 essenti

147 1992 262 2053 beista
272 1988 330 2049 hac
347 2005 401 2049 sua
417 1984 591 2064 objectione
605 1984 750 2046 evincere
762 1985 1112 2065 vellent,Evangelistas
1123 1990 1198 2053 Jesu

115 2076 228 2141 Christi
251 2075 423 2145 historiam,
439 2079 471 2133 et
491 2070 652 2141 miracula,
667 2087 734 2148 qum
753 2070 787 2130 in
808 2088 846 2131 ea
864 2071 1022 2151 legvmtur,
1037 2076 1198 2140 ementitos

114 2181 196 2238 esse,
216 2164 268 2244 qui
289 2162 413 2222 ultiman
430 2167 477 2221 est
497 2158 683 2238 scepticismi
701 2166 836 2220 conatus.
848 2159 911 2227 Nos
923 2176 997 2220 vero
1010 2162 1048 2221 ab
1062 2163 1101 2224 iis
1113 2163 1198 2226 dnm-

113 2258 196 2311 taxat
211 2249 353 2331 petimus,
375 2244 527 2325 quomodo
541 2259 614 2323 ergo
628 2249 708 2304 totus
719 2244 803 2305 orbis
821 2244 1011 2308 Christianus
1027 2248 1124 2311 tactus
1134 2254 1197 2314 esti

112 2336 251 2397 Protoeto
274 2335 301 2396 si
322 2333 481 2394 xmiversus
503 2330 586 2391 orbis
607 2329 675 2391 sine
695 2330 851 2392 miraculis
869 2332 1051 2412 religionem
1064 2334 1195 2409 Christi,

111 2422 303 2503 passionibus
318 2435 438 2499 prorsus
451 2416 622 2487 inimicam,
631 2416 785 2495 amplexus
797 2416 933 2486 est,haeo
947 2418 1012 2498 ipsa
1023 2423 1196 2495 conversio,

111 2516 145 2571 ut
159 2509 347 2588 Augustinus
365 2506 438 2566 olim
454 2503 644 2573 observavit,
657 2504 820 2563 maximum
836 2505 972 2564 omniurn
983 2507 1196 2571 miraculorum

110 2594 200 2656 toret.
224 2593 332 2655 Paucis
354 2597 456 2650 autem
475 2588 625 2648 dicimus:
647 2586 774 2646 historia
795 2589 871 2647 Jesu
889 2588 1003 2651 Christi
1020 2600 1052 2651 et
1064 2594 1196 2672 Aposto-

110 2680 211 2741 lorum
235 2677 410 2738 continetur
425 2673 457 2731 in
478 2670 567 2731 libris
588 2669 759 2741 authentia,
773 2686 833 2746 qvia
849 2671 946 2749 major
958 2676 1125 2753 excogitari
1142 2697 1196 2739 no-

111 2766 194 2845 (μὴ,
218 2757 371 2841 praeditis3
395 2771 488 2833 quare
510 2772 577 2831 qoae
599 2754 632 2813 iu
655 2754 700 2814 eis
719 2753 891 2815 referuntur
909 2764 991 2816 tanta
1011 2761 1196 2825 certitudine

109 2852 262 2933 gaudent,
275 2852 311 2904 ut
320 2841 416 2920 major
427 2841 560 2902 inveniri
572 2846 715 2916 nequeat.

145 2937 180 2998 2⁰
196 2931 418 3013 ineptissimum
441 2936 488 2989 cst
510 2928 549 2988 ab
569 2927 779 2988 intensissimis
799 2926 1040 2990 Christianorum
1057 2929 1194 2997 hostibus

111 3030 221 3105 petere
245 3016 418 3079 testimonia
442 3015 474 3075 in
496 3013 707 3091 probationem
729 3028 834 3071 eorum
855 3012 1023 3090 religionis,
1043 3032 1080 3078 eo
1099 3018 1195 3099 magis

113 3106 195 3187 qood
218 3102 357 3166 historici
379 3100 490 3182 pagani
512 3099 565 3159 vix
587 3098 777 3159 occasionem
798 3097 962 3157 habuerint
982 3098 1022 3158 de
1043 3101 1195 3167 miraculis

113 3192 186 3255 novi
201 3188 389 3252 Testamenti
402 3185 557 3264 loquendi.
571 3183 695 3244 interim
705 3191 750 3243 tot
762 3183 895 3243 existunt
907 3182 1121 3245 testimoniata
1133 3186 1195 3253 his

113 3278 219 3341 torieis
229 3275 365 3358 paganis,
378 3282 412 3333 ut
425 3271 693 3332 veritasiactorum
702 3267 860 3347 Evangelii
875 3285 913 3327 ex
925 3268 965 3329 iis
974 3267 1047 3331 solis
1057 3268 1196 3337 demone·

113 3372 221 3427 hatur.
234 3365 309 3421 llaec
318 3357 492 3419 testimonia
500 3357 565 3417 tuse
574 3355 674 3417 videri
683 3362 805 3433 possunt
816 3355 846 3415 in
855 3354 987 3415 Eusebio
995 3355 1193 3433 Cesareensi,

114 3450 153 3511 cl.
167 3452 265 3517 iluet,
279 3444 471 3512 llouteville,
482 3442 651 3510 Addisson,
661 3441 776 3511 Bnllet,
791 3442 954 3511 Duroisin,
969 3442 1158 3522 llayer‚etc,
1170 3442 1192 3507 '.

112 3534 261 3617 Mam
282 3532 435 3594 dumtaxat
452 3529 503 3591 hic
515 3530 694 3599 referemus,
707 3535 741 3588 ut
753 3527 792 3589 ad
803 3528 974 3588 Deistarum
986 3528 1194 3593 contusionem

143 3677 156 3717 ἱ
172 3678 400 3729 amnuerunt.
417 3677 509 3735 Esses.
528 3674 610 3724 iluct:
625 3675 746 3723 Demonet.
766 3672 859 3733 Eooeg.
876 3672 1031 3721 lioutevillee
1046 3676 1084 3723 io
1095 3676 1194 3739 reim

111 3746 244 3803 Mirm
250 3745 350 3808 provecte
358 3760 404 3807 por
414 3746 452 3792 des
460 3746 523 3805 totta.
534 3743 667 3792 audisses:
680 3744 715 3790 lie
723 3742 747 3788 tc
754 3742 852 3801 rehgion
861 3740 1000 3801 etsra'tiesae,
1009 3754 1071 3792 avec
1081 3744 1194 3798 leem

112 3824 146 3875 de
155 3822 282 3883 &spiens
295 3819 326 3868 dc
336 3820 466 3875 Correvon,
479 3817 614 3875 bousannc,
624 3815 693 3862 tuot.
704 3813 801 3862 bullat:
814 3815 914 3861 Histoire
926 3816 953 3861 de
968 3813 1151 3869 l’e'tolstv'ssemm
1161 3822 1193 3871 g.

112 3891 300 3948 wienorne,
312 3885 367 3936 tire'c
381 3888 420 3935 des
435 3886 495 3935 reah
505 3888 599 3934 auteurs
606 3885 666 3945 istite
677 3887 700 3932 et
713 3896 808 3943 pereae,
819 3882 894 3942 l’sris,
907 3882 976 3930 llos.
991 3884 1124 3935 lluvoisine
1144 3890 1194 3941 m.

111 3961 271 4013 Wf‘l‘fffl
281 3954 447 4019 meditus
459 3953 536 4014 Parte,
549 3954 617 4005 itti.
628 3955 722 4015 hever:
733 3954 852 4008 spectem
864 3952 1001 4012 detensionis
1013 3957 1035 4001 et
1044 3959 1193 4013 samsom

114 4030 218 4083 morse
228 4030 252 4076 1.
263 4030 291 4078 c.
307 4030 330 4077 et
348 4025 569 4088 Apostolorum
579 4025 660 4086 geste
678 4025 702 4073 et
716 4024 823 4072 massis
834 4021 1121 4088 annuissemus,
1136 4042 1192 4091 ger.

113 4103 227 4165 moise,
239 4102 307 4151 1805.
