2708 4846
143 478 191 532 m
551 470 598 519 DE
616 469 823 520 obruentis

180 571 212 632 5⁰
222 571 351 650 Spiritus
363 587 426 632 non
441 576 542 650 potest
553 584 645 648 agere
658 572 691 627 ln
703 565 876 636 mamrianr,
890 580 960 627 oum
976 564 1096 628 nullam
1107 584 1218 649 propor-

144 655 259 717 tionem
270 673 340 716 cum
349 654 402 715 illa
414 654 538 714 babeat.

178 740 212 800 ἢ·
226 743 258 800 ln
270 741 393 802 obsesso
405 739 465 800 duo
481 740 581 800 lorent
593 739 730 819 spiritus;
744 737 895 816 quomodo
906 737 952 809 bi,
966 745 1078 817 utpote
1087 738 1147 800 sibi
1158 756 1218 800 eon·

142 826 244 896 trarii,
255 827 288 885 in
301 825 411 886 eodem
420 841 548 904 corpore
561 841 653 903 agere
666 824 812 903 possenti

178 912 291 972 Deistis
302 927 389 988 seque
399 913 576 971 Daemonum
586 909 747 970 existentia
757 907 1218 987 quamobsessionesdisplieent3

142 1005 174 1058 at
192 999 370 1058 Daemonum
387 1013 444 1057 seu
458 996 607 1055 malorum
625 996 786 1074 geniorum
797 994 1035 1055 existentianon
1048 993 1219 1059 dumtaxato

142 1082 297 1163 Scriptura
308 1080 579 1144 sanctasedetiam
591 1098 630 1142 ex
647 1080 841 1157 antiquorum
858 1094 893 1139 ao
910 1079 1123 1140 recentiorum
1133 1081 1220 1161 philo

141 1167 248 1247 sophia
259 1166 462 1246 cognoscitur.
477 1168 571 1226 immo
582 1167 680 1227 bonos
692 1165 847 1241 malosque
861 1164 969 1242 genios
982 1164 1121 1226 existere
1132 1167 1221 1228 orodi-

142 1250 253 1316 derunt
260 1252 413 1332 quondam
422 1271 486 1313 non
496 1252 594 1312 solnm
602 1251 715 1321 Judaei,
723 1249 778 1312 sed
788 1250 881 1310 etism
890 1266 996 1311 omnes
1004 1251 1220 1333 populipagmi

141 1339 216 1402 culti
232 1355 268 1399 ao
284 1337 464 1417 sylvestres,
486 1337 539 1414 qui
556 1336 686 1416 proinde
698 1335 779 1396 bano
796 1332 888 1395 iidem
902 1352 964 1396 non
985 1352 1006 1397 a
1024 1335 1220 1419 pbilosophis,

141 1423 221 1501 apud
229 1421 357 1502 populos
368 1422 533 1498 sylvestres
544 1437 604 1481 non
614 1421 827 1491 existentibus,
838 1419 893 1480 sed
902 1436 940 1480 ex
950 1419 1221 1504 traditionestpri·

140 1509 247 1568 mitiva
264 1507 453 1567 revelatione
467 1512 556 1566 enata
569 1513 763 1586 aeceperunt.
776 1504 869 1566 ldodo
884 1505 984 1566 adhuc
1001 1507 1114 1586 populi
1127 1525 1221 1573 om

141 1592 265 1654 barbari
277 1608 312 1653 ac
324 1591 416 1662 culti,
429 1598 464 1652 ut
478 1592 614 1662 Tartari,
633 1591 766 1662 Arabes,
784 1592 900 1661 Perses,
913 1590 1113 1664 Americani,
1122 1592 1221 1657 Sinon-

140 1696 208 1751 ses,
222 1685 281 1740 eto.
292 1678 385 1739 hosce
398 1678 506 1756 genios
518 1678 649 1738 existere
662 1677 806 1747 credunt,
818 1677 894 1739 lieet
904 1678 935 1737 in
946 1677 1054 1740 multis
1068 1680 1220 1754 oiroeibos

141 1765 276 1846 graviter
286 1763 525 1833 balluoinentur,
537 1764 583 1823 uti
599 1762 716 1840 antiqui
729 1763 842 1842 Pagani
856 1761 1040 1824 hallucinati
1057 1773 1140 1828 sunt.

177 1850 332 1930 Sphaeram
343 1864 361 1909 a
370 1847 505 1909 :tivitatis
514 1846 623 1908 horum
635 1847 805 1928 spirituum,
818 1847 975 1925 spiritibus
989 1846 1134 1912 humanis
1144 1869 1220 1933 supe

99 1971 102 1977 ·
140 1938 266 2009 riorum,
279 1935 397 2016 sphaera
409 1942 510 1996 nostra
520 1935 667 2012 mojorem
680 1950 746 1994 esse
757 1950 848 1993 nemo
860 1932 1144 2016 prudensnegsrit3

141 2031 241 2085 autem
259 2022 383 2102 spiritus
398 2029 503 2081 noster
520 2021 553 2080 in
571 2037 680 2100 corpus
697 2027 833 2080 nostrum
852 2026 939 2098 egat,
957 2029 991 2081 et
1006 2022 1120 2097 genios
1133 2022 1219 2086 bonos

139 2109 294 2186 melosque
312 2106 484 2185 incorpora
500 2120 592 2182 agere
605 2122 693 2184 posse
709 2104 824 2181 liquet;
839 2120 931 2181 quare
951 2105 1147 2169 obsessiones
1157 2117 1219 2170 sant

140 2192 319 2274 possibiles;
340 2190 408 2251 illas
418 2208 493 2251 vero
506 2191 632 2250 realiter
648 2191 784 2252 extitisse
803 2205 842 2250 ex
858 2190 1124 2268 Evangelistanrn
1132 2194 1217 2256 obvio

141 2285 225 2340 textu
236 2283 330 2357 patet.

177 2362 209 2423 2⁰
226 2364 307 2421 AEvo
329 2359 444 2423 Christi
468 2367 513 2420 tot
534 2363 567 2421 in
586 2360 747 2422 Palaestina
769 2361 884 2423 obsessi
906 2377 969 2421 non
993 2361 1138 2435 fuerumt,
1155 2371 1218 2443 quot

140 2443 253 2504 Deistae
272 2441 332 2501 sibi
355 2441 571 2518 imaginantur3
590 2443 659 2502 illos
678 2459 752 2503 vero
776 2460 837 2505 non
858 2441 1054 2505 solummodo
1071 2446 1105 2507 in
1123 2447 1219 2507 duda

28 2556 31 2564 ·
139 2527 195 2590 sed
207 2533 240 2587 et
258 2526 290 2585 in
303 2525 372 2586 aliis
384 2525 562 2604 regionibus
572 2526 723 2598 extitisse,
734 2543 773 2588 ex
784 2527 912 2588 Actibus
923 2528 1144 2607 Apostolorum
1155 2547 1220 2592 eon-

138 2619 209 2675 stut.
221 2610 326 2672 Plures
337 2608 480 2688 equidem
493 2619 654 2673 occurrunt
666 2613 698 2672 in
710 2613 886 2684 Palaestina;
900 2621 932 2674 at
945 2614 1000 2675 SS.
1007 2615 1118 2678 Patres
1128 2617 1220 2678 obse*

138 2706 212 2763 eant
235 2700 332 2759 Deum
345 2714 381 2758 es
394 2703 483 2759 etate
504 2699 642 2758 Daemoni
660 2698 806 2776 majorem
822 2707 1006 2777 potestatem
1025 2705 1218 2773 concessisse,

139 2792 174 2846 ut
192 2784 306 2848 Christi
325 2782 450 2861 ejusque
466 2783 683 2862 discipulorum
700 2783 839 2844 victorius
857 2784 897 2845 de
914 2785 980 2864 ipso
993 2787 1104 2849 relate
1120 2805 1219 2851 noran

139 2873 215 2932 Jesu
224 2869 408 2947 religionem
424 2869 521 2947 magis
537 2869 799 2940 commendarent,
812 2877 845 2929 et
860 2869 985 2931 Judaeos
998 2889 1036 2934 ac
1050 2874 1220 2954 Paganosin

138 2953 374 3014 infensissimum
389 2969 451 3012 suae
467 2955 572 3014 salutis
592 2954 711 3014 bostem
734 2953 913 3015 attentiores
924 2953 1110 3020 redderent.

175 3036 343 3115 5⁰Spiritus
354 3037 501 3099 humanus
510 3038 543 3098 in
554 3056 663 3117 corpus
673 3037 839 3098 humanum
848 3040 1222 3121 sgit30mspirionnslus

139 3125 173 3186 in
184 3123 261 3185 illud
275 3141 365 3203 agere
378 3124 460 3186 baud
471 3127 590 3203 posseti
601 3127 759 3205 proportio
773 3126 983 3188 similitudinis
994 3127 1081 3190 inter
1092 3131 1222 3211 spiritu

140 3218 173 3271 et
182 3210 341 3271 materiem
353 3210 487 3287 prolecto
500 3227 561 3270 non
573 3211 748 3287 requiritur,
758 3210 813 3289 sed
824 3209 935 3272 sufficit
947 3228 985 3273 ea
1000 3215 1164 3295 proportio
1172 3229 1222 3294 qu

138 3297 261 3377 spiritus
273 3303 426 3372 tamquam
438 3313 527 3357 causa
539 3298 650 3356 motrix
662 3313 697 3357 ac
708 3296 940 3357 determinstrix
950 3298 984 3358 in
996 3301 1161 3362 materisrn
1174 3314 1223 3362 otu

135 3381 307 3460 subjectum
329 3381 536 3458 impressionis
557 3397 700 3459 capacem
721 3398 813 3460 egere
830 3383 936 3460 possit.
957 3382 1051 3460 Quod
1072 3403 1151 3448 vero
1166 3401 1224 3447 nt·

139 3466 211 3537 dnm
221 3461 311 3539 hujus
319 3465 447 3525 actionis
464 3465 653 3543 ignoremus,
674 3482 693 3526 a
713 3464 842 3528 limitato
865 3473 970 3528 nostro
990 3466 1164 3545 ⁸intellectu
1176 3469 1224 3533 do·

137 3550 264 3632 pendet.

173 3635 206 3696 t⁰
219 3635 368 3697 Obsessos
381 3652 442 3696 non
459 3641 505 3696 est
524 3652 673 3715 sempera
689 3638 833 3698 Daemone
854 3638 995 3716 agitatus.
1008 3641 1093 3703 Dein
1110 3643 1225 3724 spiritis

138 3721 208 3794 iste,
220 3720 351 3781 humano
366 3720 476 3800 spiritu
490 3719 607 3791 lortior,
619 3727 720 3800 potest
734 3720 967 3800 dispositionem
983 3724 1149 3805 physicam
1164 3743 1224 3790 our·

137 3806 219 3884 poris
231 3804 427 3885 perturbare,
438 3821 632 3867 commovere
647 3821 683 3866 ac
696 3805 868 3884 exagitare,
883 3813 975 3886 atqtm
987 3808 1050 3871 boe
1062 3808 1225 3875 masur

137 3898 241 3951 auctor
253 3890 462 3970 operationum
473 3888 665 3952 daemoniaci.

174 3975 371 4036 Aetivitetem
381 3975 556 4055 spirituum,
567 3974 778 4056 spbaeramque
790 3993 895 4039 cortun
911 3980 1084 4046 activitatis
1097 3982 1224 4069 pbiloso-

138 4058 228 4137 pbioe
244 4058 387 4136 equidem
405 4057 609 4121 determinare
622 4062 783 4139 nequimus
789 4082 797 4134 ;
814 4069 845 4124 st
857 4080 896 4125 ex
907 4059 1107 4133 revelatione
1117 4072 1225 4148 comiti
