2708 4846
323 448 509 499 lindouva!
527 448 726 499 sacnollblt.
1018 454 1065 506 {lb

107 542 214 605 iurem
233 544 359 621 agendi,
380 546 536 623 bonosque
549 562 650 606 mores
665 545 753 607 'ilum
773 546 831 606 arvi
850 546 1062 623 attenderent,

107 628 151 691 dis
168 647 230 691 non
246 630 409 691 sileretur.
423 632 586 710 lin-paucis
605 638 814 712 argumentum
828 632 915 707 libri,
933 642 1064 711 preten-

107 717 180 779 rlroc
193 717 384 779 scandalum!

107 803 190 865 elccb
204 804 242 865 de
256 804 337 865 tribu
348 803 442 874 ludo,
454 810 520 864 orta
531 804 628 875 fame,
643 821 712 865 cum
722 822 817 865 uxore
826 806 934 867 Noimi
948 814 979 867 et
990 806 1062 869 duo·

107 889 272 952 sblahalon
284 898 315 953 et
327 889 683 961 Cbelion,Betblebemo
695 890 727 951 in
746 891 904 970 regionem
916 892 1063 955 Moabita-

107 975 239 1055 rigravit,
251 976 304 1035 ubi
323 975 490 1055 paulopost
509 983 642 1036 mortuus
660 982 716 1037 est.
728 976 869 1037 Mahalon
887 986 918 1037 et
932 976 1062 1040 Chelion

108 1062 252 1124 trimonio
261 1061 425 1138 junxerunt
446 1060 549 1140 Orpba
567 1069 598 1123 et
610 1060 708 1135 Ruth,
721 1062 865 1123 mrdiercs
881 1063 1063 1128 bloabitidcs

107 1150 287 1227 nasElapsis
299 1148 406 1210 decem
417 1149 503 1209 annis
516 1149 605 1209 ambo
616 1150 726 1211 mortui
738 1158 925 1228 sunt;quare
936 1152 1061 1226 Nodmi,

107 1244 211 1305 mator,
226 1253 293 1294 curn
304 1234 417 1297 duabus
428 1234 489 1295 suis
499 1234 625 1295 nuribus
636 1232 867 1297 Bethlehemum
876 1255 979 1299 versus
991 1256 1063 1318 pro·

107 1322 229 1402 lrpborn
245 1323 277 1381 in
290 1322 400 1381 itinere
418 1320 540 1382 domum
555 1322 689 1397 remisit,
705 1328 737 1384 et
750 1321 833 1383 Ruth
845 1323 965 1385 nonnisi
980 1340 1062 1407 aegro

107 1409 326 1472 bethlebenrurn
340 1407 424 1467 duxit
435 1408 480 1484 (e.
502 1408 549 1483 l).

109 1545 118 1571 ,
132 1497 238 1557 liberis
253 1495 409 1566 destituta,
427 1495 471 1554 ibi
488 1494 682 1555 sublevandae
693 1496 877 1574 paupertatis
891 1513 979 1559 causa
992 1496 1061 1578 jure

107 1606 129 1657 r,
143 1585 174 1645 in
186 1600 257 1660 agro
270 1585 349 1642 booz
359 1583 417 1642 riri
430 1582 532 1643 divitis
544 1583 583 1644 do
594 1582 676 1642 tribu
684 1585 703 1642 J
706 1582 763 1643 uda
773 1584 866 1663 ipsius
877 1587 1061 1665 cognatised

107 1671 186 1746 pili,
201 1671 298 1748 spicas
319 1669 453 1747 collegit.
474 1669 502 1727 A
522 1670 601 1727 llooz
617 1670 699 1729 bene
719 1668 840 1743 habita,
863 1678 894 1731 et
910 1669 1059 1735 frumento

108 1774 178 1836 ique
188 1757 324 1833 reliquiis
334 1756 442 1816 donata
453 1754 508 1815 luit
519 1755 561 1831 (c.
574 1755 617 1827 i).

107 1862 174 1905 oum
186 1843 224 1903 ad
234 1842 341 1903 Nodmi
354 1840 528 1911 detulisset,
539 1840 888 1916 Nodmiillibnaniiestat
897 1843 977 1904 Booz
993 1860 1060 1907 esse

108 1930 266 2011 piuquum,
277 1927 494 2002 consiliumque
504 1926 533 1985 ei
541 1924 607 1995 dat,
620 1932 653 1984 ut
661 1943 730 1985 cum
740 1927 819 1986 Boon
830 1934 976 1990 noctunro
985 1936 1060 1991 tcm-

125 2034 196 2078 area
208 2015 245 2076 ad
261 2012 471 2076 dormiendum
486 2010 715 2091 procubuisset,
734 2013 912 2076 cultioribus
924 2016 1059 2080 vestibus

110 2120 145 2165 se
154 2102 192 2163 ad
206 2100 269 2178 ejus
281 2101 376 2180 pedes
387 2098 573 2159 advolveret.
587 2096 754 2160 Consilium
765 2098 907 2177 equidem
920 2104 1059 2183 peregri-

108 2189 271 2250 tanoslris
288 2187 422 2246 moribus
434 2185 580 2255 alicnum3
598 2190 629 2244 at
646 2201 701 2262 pro
714 2191 794 2246 casta
814 2184 915 2258 llutb,
936 2193 967 2247 et
984 2205 1058 2251 sene

108 2273 372 2354 ndpericulosum.
387 2272 490 2330 dsolo
502 2271 626 2349 insuper
642 2287 791 2331 consensu
804 2271 885 2329 Boon
901 2271 1058 2351 depende-

108 2360 148 2429 db
159 2360 219 2422 sibi
235 2360 317 2419 illico
329 2357 520 2417 matrimonio
538 2356 681 2435 jungere,
698 2375 767 2417 cunr
787 2357 855 2417 aliae
867 2362 1056 2424 caeremoniae

108 2447 291 2509 validitatem
301 2443 431 2521 conjugii
445 2443 524 2503 band
537 2444 777 2521 requirerentur3
790 2450 916 2506 eventus
925 2464 997 2507 vero
1010 2450 1056 2510 rei

107 2541 134 2605 t,
157 2531 319 2592 consilium
339 2529 446 2589 Noiirni
468 2529 557 2591 inisse
581 2529 852 2607 sapientissimum
873 2532 955 2591 Ruth
975 2536 1056 2595 enirn

108 2617 205 2679 mboc
213 2624 315 2677 secuta
324 2616 404 2675 Boon
412 2614 568 2693 evigilanti
579 2622 610 2673 et
619 2615 763 2674 exterrito
773 2615 861 2686 dixit,
872 2632 906 2675 se
916 2632 981 2678 esse
992 2618 1056 2695 ejus

108 2720 191 2775 uam,
209 2703 252 2762 ita
265 2701 417 2770 modeste,
432 2700 500 2778 jure
519 2699 662 2759 leviratus
678 2698 728 2774 (n.
740 2697 813 2773 60),
833 2700 1055 2763 matrimonium

108 2799 230 2875 petens.
244 2787 412 2866 Respondit
421 2789 514 2856 Boon,
525 2785 617 2845 olium
627 2784 768 2861 equidem
776 2802 810 2846 se
822 2785 851 2845 ei
860 2788 1056 2866 propinquio-

108 2894 137 2949 υ,
148 2892 272 2944 verum,
287 2875 313 2934 si
326 2873 379 2933 illo
391 2867 693 2953 propinquitatisjuri
704 2871 816 2933 cedere
830 2872 943 2944 vellet,
958 2890 992 2934 se
1007 2875 1055 2955 ip-

108 2957 540 3042 mnjugeuaducturum(e.5).
947 2996 950 3001 -

108 3050 211 3111 ntiavit
221 3046 419 3127 propinquior
431 3052 575 3121 cognatus
591 3042 767 3105 solemniter
778 3043 810 3103 in
824 3051 910 3121 porta
923 3046 1052 3112 civitatis

108 3152 220 3215 3quarc
230 3137 308 3195 Booz
321 3134 352 3193 in
365 3147 489 3191 uxorem
504 3129 590 3191 duxit
601 3128 682 3191 llutb
693 3145 759 3206 quae
776 3129 805 3189 ci
816 3130 937 3208 peperit
948 3132 1051 3210 Obed,

108 3220 196 3283 iridis
208 3220 250 3296 (c.
262 3220 306 3294 l).

109 3308 217 3386 Scopas
233 3303 364 3364 auctoris
380 3301 436 3361 luit
447 3298 623 3373 ostendere,
636 3300 787 3379 quomodo
798 3300 895 3363 David
907 3318 964 3381 per
973 3304 1053 3366 Boon

117 3391 318 3456 descenderet
336 3388 469 3451 detribu
485 3387 582 3460 luda,
602 3388 753 3466 quomodo
770 3389 931 3468 prophetia
943 3391 1052 3453 Jacobi

109 3496 147 3541 ro
158 3480 191 3539 in
203 3478 286 3539 tribu
296 3475 376 3537 Juda
387 3475 537 3554 completa
547 3474 602 3549 sit,
616 3483 648 3537 et
658 3475 808 3555 quomodo
826 3475 930 3540 divina
949 3478 1052 3559 provi·

109 3566 254 3629 roborum
266 3579 368 3626 curam
378 3571 474 3642 gerat.

292 3694 368 3762 Sbl'.
380 3719 409 3731 -
416 3686 582 3744 niisscultates
593 3695 651 3743 libri
662 3695 738 3746 autb.

109 3816 214 3887 luter
221 3814 293 3876 libri
304 3814 386 3876 Ruth
396 3813 585 3875 occasionem
595 3813 727 3892 praebuit
735 3813 886 3875 nonnullis
895 3813 1050 3877 didieulta·

109 3900 326 3983 'mologicisd
347 3899 383 3963 C.
407 3902 441 3967 l.
460 3901 542 3961 llo-il
560 3904 572 3977 )
593 3900 668 3961 dicit
684 3900 869 3971 salmonem,
891 3902 1051 3965 Naassonis

109 3988 244 4073 pauisse
259 3989 337 4055 Boou
353 3994 469 4067 patrem
481 3986 602 4056 Obedi;
618 3985 650 4046 S.
667 3986 824 4047 Matthaeus
841 3985 894 4059 (l,
910 3986 947 4059 d)
966 3986 1049 4050 idem

109 4072 208 4149 uidit,
230 4072 400 4139 salmonem
417 4073 496 4137 Beer
514 4071 710 4155 progenuisse
727 4087 765 4133 en
780 4070 896 4141 llabab.
915 4074 1047 4145 Naasson
