2708 4846
139 464 189 514 222
550 461 596 510 be
615 460 819 510 authentis

139 557 248 619 Esther
257 563 289 616 ut
300 555 400 617 Judsei
412 555 509 617 tribus
519 554 628 617 diebus
640 554 826 632 totidemque
838 554 980 616 noctibus
990 552 1113 617 acolitis
1121 555 1194 621 teies·

139 642 272 707 tionibus
293 643 497 712 abstinerent,
510 649 549 710 ,ut
567 658 604 701 eo
621 640 789 701 ferventius
805 656 891 702 oraro
905 647 1049 720 possent,
1070 641 1111 702 ita
1125 643 1192 707 etian

138 729 287 807 jejunavit
296 728 414 799 Esther,
427 727 553 789 sednon
565 728 662 789 tribus
674 727 793 797 diebus,
805 744 876 788 nam
887 727 939 788 die
953 727 1046 789 tertia
1057 728 1192 794 Assuerun

139 816 250 885 adivit,
265 831 393 892 eumque
405 813 444 874 ad
455 813 629 875 convivium
641 813 906 890 invitavit(o.b).
1192 880 1200 907 ι

177 904 248 957 267.
264 901 295 963 9ο
308 900 384 962 Cmn
394 919 456 962 non
466 901 580 963 vocatis
591 901 647 961 sub
657 902 762 961 mortis
774 919 863 979 poena
875 918 980 981 regem
991 903 1192 983 accederopro

139 988 270 1049 bibitum
286 994 365 1049 essct
377 987 424 1065 (c.
440 988 474 1058 lt,
489 987 522 1047 tt
533 985 560 1063 ),
575 986 711 1047 naturale
722 1005 784 1047 non
802 993 882 1057 crat,
894 996 928 1048 ut
942 988 1053 1050 Esther
1064 1006 1097 1050 se
1112 991 1192 1054 mohs

139 1076 273 1156 periculo
286 1075 385 1155 potius
395 1079 572 1154 exponeret,
582 1089 673 1152 quam
685 1080 717 1135 ut
727 1090 784 1154 per
794 1074 948 1137 ministros
960 1074 1000 1137 ad
1010 1077 1191 1156 regentum·

140 1162 210 1224 duci
261 1169 351 1222 teret.

174 1179 290 1309 veperum
301 1249 331 1308 in
340 1246 512 1309 hocuitimo
523 1263 594 1308 casu
605 1246 725 1328 rex‘per
733 1246 973 1309 machinationes
982 1248 1190 1321 Amanixerar·

138 1336 178 1397 tis
196 1353 236 1396 ne
255 1353 308 1398 sua
323 1335 465 1398 uindicta
485 1336 731 1407 subverteretur,
751 1334 872 1396 Estheri
893 1337 1062 1401 conomius
1075 1336 1190 1402 reddin

140 1422 255 1485 fuisset.

340 1553 358 1622 3
373 1556 453 1605 xcix.
461 1552 653 1604 -continuatio
664 1551 838 1605 attentatum
848 1552 906 1605 libri
916 1555 1015 1605 Esther.

174 1681 246 1737 add·
260 1679 309 1741 t0⁰
319 1678 495 1758 Quomodo,
508 1677 664 1755 inquiunt,
679 1676 829 1736 Assuerus
844 1683 878 1736 ut
890 1675 988 1737 inians
1001 1676 1190 1758 sedempuu

138 1769 171 1829 in
184 1768 294 1829 throno
306 1784 414 1839 aureo,
428 1783 498 1826 eum
511 1770 631 1842 sceptro
644 1778 734 1824 aureo
746 1763 784 1823 ad
795 1780 930 1834 manusb,
942 1766 1017 1842 quin
1032 1766 1191 1829 caummdi·

138 1850 538 1935 quamaudiret(c.d,i)i

174 1943 235 2004 Sed
244 1941 353 2002 nullibi
361 1940 485 2019 legitur,
495 1939 659 2000 Assuerum
667 1944 856 1999 tumcausam
865 1937 997 2016 aliquam
1005 1938 1191 2011 nonaudiisse

136 2029 303 2092 verisimile
316 2035 376 2098 est,
396 2026 556 2087 Estherom
571 2025 682 2087 adiisse
695 2029 803 2104 'regem
816 2041 853 2084 ca
867 2024 958 2096 hora,
969 2043 1029 2103 qua
1045 2043 1099 2089 rex
1112 2042 1193 2091 tants

138 2114 243 2176 audire
265 2113 392 2175 solebat.
414 2114 575 2183 Assuerus‚
591 2128 646 2173 sen
668 2113 784 2171 Xerxes
806 2127 948 2189 magnus,
968 2114 1064 2173 etiam
1079 2120 1193 2194 mnus
1227 2128 1233 2237 1

138 2217 247 2281 pugnes
269 2198 483 2259 Saianxinensis
498 2196 531 2256 in
549 2197 658 2257 throno
672 2213 763 2257 aureo
778 2205 1018 2276 supermontem
1033 2199 1130 2276 sedit(
1137 2199 1195 2260 Plu-

137 2284 233 2346 tarch.
247 2282 279 2343 in
293 2282 490 2358 Artaxerxe).
505 2282 656 2343 Caeterum
671 2282 796 2343 thronus
809 2284 866 2343 iste
879 2299 988 2345 aureus
1001 2285 1048 2345 nii
1060 2284 1196 2347 aliudertt
1230 2268 1233 2303 ¹

138 2385 228 2447 quam
244 2371 332 2430 sedes
350 2384 455 2437 aurea,
470 2385 537 2445 quae
551 2386 739 2446 quocumque
753 2387 822 2429 cum
833 2386 907 2449 rege
918 2369 1103 2442 vehebatur,
1115 2378 1195 2433 mm

137 2473 207 2516 cum
227 2453 435 2515 descendisset
450 2471 468 2513 e
486 2453 582 2514 rheda
598 2454 630 2514 in
647 2454 701 2515 illa
718 2455 826 2516 sedere
847 2464 957 2535 posset.
972 2458 1042 2519 Rex
1061 2460 1195 2522 Portum

137 2544 294 2624 semperin
305 2542 411 2601 throno
422 2542 532 2603 sedens
542 2541 712 2614 exhibetur,
720 2560 756 2602 co
766 2543 845 2620 quod
858 2543 1195 2626 Orientatespluntae
1231 2536 1233 2565 ¹

138 2646 227 2709 quam
238 2637 317 2691 stare
329 2628 428 2689 solent
440 2624 452 2702 (
462 2626 626 2689 Athenaeus
636 2629 765 2706 thonos.
779 2629 800 2688 l.
814 2629 859 2688 ii.
871 2647 899 2690 e.
909 2629 929 2689 2
938 2630 961 2708 ).
974 2632 1194 2712 Sceptrorum

138 2734 260 2778 aureum
281 2721 346 2776 erat
360 2714 484 2775 baculus
502 2730 625 2785 aureus,
643 2731 771 2793 quocum
788 2731 877 2794 reges
886 2715 1195 2795 ,suburbanam

137 2806 355 2866 innitebantur.

173 2892 246 2947 269.
258 2890 306 2948 tx⁰
319 2889 377 2952 cit
391 2888 503 2967 legitur
513 2889 669 2959 Hebraeos,
688 2888 787 2947 sutura
804 2903 856 2948 sua
871 2888 1085 2953 internecione
1095 2892 1195 2964 audita,

136 2976 287 3056 planxisse
297 2977 496 3053 etgemuisse,
507 2974 828 3037 nonverodicitureos
839 2975 956 3055 defuga
966 2978 1196 3061 cogitassent

137 3070 239 3124 tamen
252 3061 388 3122 naturale
402 3069 476 3122 erat.

173 3150 230 3210 Ast
240 3149 330 3209 etiam
340 3147 535 3220 condicitur,
551 3148 673 3209 Judaeos
683 3147 783 3226 fugam
794 3148 953 3209 meditatos
966 3167 1028 3212 non
1043 3169 1126 3230 esse3
1135 3152 1197 3217 vtti-

136 3236 277 3299 similiter
286 3234 385 3295 ,iudaei
399 3235 449 3295 vel
461 3234 530 3296 ideo
543 3242 700 3315 tantopere
711 3236 900 3315 planxerunt,
912 3237 994 3314 quod
1004 3238 1198 3325 ingere-impe·

137 3323 194 3385 diti
207 3322 335 3382 hremnt.
842 3358 845 3363 ,

174 3412 246 3466 270.
261 3407 309 3468 th⁰
323 3406 358 3469 C.
372 3407 400 3475 8,
414 3407 459 3466 tt.
472 3408 619 3470 Assuerus
629 3424 685 3487 per
697 3408 1015 3487 biardochaeumjubet
1025 3413 1066 3474 ab
1077 3414 1200 3477 Helm

135 3492 266 3558 interfici
286 3494 359 3553 istos
380 3510 449 3553 suos
470 3493 621 3564 subditos,
640 3512 714 3571 quos
738 3512 793 3573 per
812 3495 962 3557 Amanum
979 3506 1071 3561 antea
1088 3501 1202 3580 jmsmt

135 3585 217 3661 ipsos
231 3579 353 3642 Judecos
377 3580 587 3642 internecione
606 3581 721 3644 delere.
741 3583 899 3660 Quomodo
916 3601 971 3644 rex
991 3592 1056 3647 tam
1071 3588 1203 3671 prodiga

136 3670 208 3730 vitae
229 3684 350 3727 suorum
363 3666 550 3726 subditorum
560 3668 680 3746 concipi
698 3672 814 3747 potest?
836 3669 897 3734 Cur
914 3671 1065 3736 Assuerus
1085 3676 1204 3756 primu

137 3756 271 3818 edictum
283 3771 344 3815 non
356 3754 535 3832 simpliciter
547 3756 719 3817 revocavit?

172 3843 286 3903 verum
295 3859 363 3902 cum
373 3840 472 3903 edicta
480 3858 586 3922 regum
597 3843 754 3904 Persarum
765 3849 796 3905 et
803 3844 1206 3926 rhodomensium

135 3924 238 4005 legum
262 3929 372 3999 relata,
396 3934 428 3989 et
453 3928 563 3989 annulo
582 3931 667 4008 regio
688 3931 860 4010 subsignata
883 3939 980 4005 erant,
999 3934 1205 4000 irrevocanda

138 4020 251 4084 essent,
270 4023 304 4074 ut
324 4020 442 4075 constat
458 4030 496 4075 cx
508 4033 535 4076 o.
549 4017 564 4075 i
576 4060 584 4086 ,
598 4015 643 4076 ts.
655 4016 692 4088 8,
702 4017 731 4088 8,
746 4025 777 4077 et
785 4017 903 4078 Daniel.
913 4017 950 4090 6,
962 4018 1051 4093 tt-to,
1064 4022 1205 4085 Assum

136 4097 253 4161 nulum
268 4100 495 4164 aliudmcdium
514 4101 647 4174 habebat
665 4103 789 4168 iudaeos
802 4103 960 4192 ‚hberaudi
980 4106 1020 4173 ab
1031 4106 1207 4193 antesin
