2708 4846
134 469 165 543 ,o
424 475 915 526 nrvrstoscmrresmstesa

184 562 248 623 Alii
260 558 357 625 libros
369 567 442 627 novi
458 566 594 628 Foederis
608 553 748 628 dividunt
767 567 800 626 in
815 564 975 628 historicos
988 566 1019 624 et
1034 560 1147 623 didacti

150 666 185 711 ac
203 651 241 798 {cl
259 668 363 713 eorum
383 648 474 715 finem
493 653 697 734 Apocalypsin
712 660 746 713 ut
761 651 872 711 librum
893 649 1102 733 pmpheticum
1120 665 1149 710 cc

148 752 206 799 can

382 892 495 937 ntvtsto
507 892 672 937 sculr'tultm
685 891 783 936 ShCllAE
795 895 825 935 llt
839 889 976 936 elocutis.

183 1047 297 1110 scnn
307 1063 390 1110 seem
399 1049 550 1126 Scriptura
561 1049 775 1126 complectatur
785 1062 873 1109 omne
884 1056 1000 1128 tempus
1010 1050 1088 1126 quod
1099 1067 1116 1112 a
1126 1070 1149 1113 cr

148 1136 231 1197 tione
239 1135 343 1195 mundi
357 1134 486 1205 effluxit,
500 1135 662 1212 ellluetque
673 1135 815 1212 usquead
828 1137 1106 1211 extremumjudicii
1119 1139 1147 1199 di

147 1221 327 1300 plurimique
346 1219 465 1280 intersit
477 1227 573 1280 certas
591 1218 720 1298 epochas
732 1237 786 1298 pro
799 1220 923 1280 historia
942 1221 1065 1298 prolana
1086 1240 1149 1300 cogi

148 1323 233 1377 cere,
250 1305 346 1366 dividi
358 1303 436 1366 solet
447 1321 530 1366 sacra
546 1305 699 1383 Scriptura
708 1304 740 1363 in
762 1306 859 1365 varias
875 1313 990 1378 aetates,
1004 1323 1058 1367 seu
1070 1310 1149 1387 epoc]

147 1390 208 1451 Nos
220 1391 303 1450 illam
315 1391 348 1450 in
361 1407 414 1450 sex
430 1394 590 1466 sequentes
608 1388 810 1465 dispartimur.

116 1500 119 1509 ·
181 1477 282 1537 Prima
300 1474 441 1554 epochae
459 1474 613 1557 creatione
624 1474 840 1553 Adamijusque
853 1476 891 1536 ad
909 1475 1056 1536 diluvium
1067 1494 1100 1539 se

148 1563 284 1624 extendit
312 1561 578 1641 complectiturque
594 1577 687 1621 annos
698 1604 1100 1626 ...............
1139 1566 1149 1626 l

184 1608 320 1710 Secunda
329 1643 526 1725 incipitafine
538 1644 655 1717 diluvii,
666 1645 843 1724 duravitque
852 1665 946 1725 usque
957 1650 994 1709 ad
1003 1667 1103 1728 egres-

147 1749 212 1794 sum
230 1734 427 1794 Hebraeorum
439 1747 476 1790 ex
488 1731 637 1809 ngyptm
651 1732 786 1791 continet
799 1741 899 1793 autem
914 1752 1015 1795 annos.
1036 1781 1042 1794 .
1066 1782 1072 1795 .
1093 1781 1099 1795 .

181 1819 284 1879 Tertia
298 1819 418 1878 initium
438 1817 527 1878 sumit
544 1815 655 1876 abhoc
672 1832 807 1895 egressu,
826 1818 997 1879 extenditur
1008 1838 1101 1898 usque

147 1903 185 1964 ad
194 1905 275 1982 jacta
282 1904 475 1964 fundamenta
484 1901 602 1980 Templi
612 1902 889 1980 hierosolymitani,
902 1920 937 1964 ac
950 1906 1102 1984 amplecti-

145 1995 195 2048 tur
205 2008 298 2050 annos
316 2030 1099 2051 ............................

180 2074 293 2151 Quarta
308 2075 423 2154 epocha
435 2074 621 2134 inchoatura
636 2075 766 2133 secundo
782 2093 859 2132 atino
873 2078 1102 2138 constructionis

146 2160 281 2240 Templi,
295 2179 349 2222 seu
366 2178 383 2221 a
401 2161 505 2237 quinto
520 2175 598 2219 anno
610 2159 697 2236 regni
716 2158 896 2228 Salomonis,
914 2160 1101 2236 perduravit-

146 2263 314 2323 quousque
328 2244 366 2307 ad
383 2243 502 2324 Templi
519 2243 767 2314 destructionem,
781 2243 831 2302 vel
843 2244 942 2322 potius
953 2263 1046 2321 usque
1063 2247 1101 2306 ad

146 2332 318 2394 libertatem
328 2332 442 2393 ludaeis
455 2347 511 2409 per
519 2329 631 2409 Cyrum
641 2336 708 2407 post
718 2329 907 2408 septuaginta
918 2332 1100 2409 captivitatis

146 2434 240 2480 annos
251 2418 415 2488 redditam3
431 2417 559 2478 includit
574 2433 646 2477 vero
660 2433 752 2477 annos
772 2458 1099 2479 ............

180 2503 293 2579 Quinta
305 2502 460 2563 exordium
471 2502 554 2562 ducit
570 2500 608 2562 ab
620 2502 743 2561 obtenta
755 2501 927 2561 Judteorum
939 2503 1093 2575 libertate,

145 2588 196 2649 vel
215 2589 254 2649 ab
271 2588 359 2648 initio
380 2586 562 2647 monarchiae
578 2587 718 2666 persicae,
737 2587 933 2666 {protenditur
949 2605 1042 2664 usque
1062 2590 1100 2650 ad

145 2673 259 2736 Christi
270 2675 398 2746 natales,
410 2673 676 2753 complectiturque
689 2690 781 2733 annos
795 2716 1096 2735 ...........

176 2762 217 2821 Ηί
232 2763 303 2822 anni
315 2761 403 2822 simul
414 2761 523 2841 sumpti
536 2760 647 2822 Christi
661 2760 849 2821 nativitatem
861 2760 993 2821 referunt
1003 2761 1040 2822 ad
1052 2780 1097 2822 or-

143 2846 193 2907 his
206 2846 321 2907 conditi
334 2863 453 2907 annum.
481 2888 1095 2906 ......................
1133 2850 1149 2907 l

176 2950 412 3033 ¹Chronographi
424 2957 523 3012 autem
538 2949 735 3011 vehementer
747 2950 911 3030 disputant,
930 2958 1028 3009 utrum
1041 2951 1091 3012 hic
1101 2954 1140 3013 sit

143 3054 194 3099 rus
203 3038 316 3100 Christi
332 3037 499 3098 nativitatis
510 3053 619 3107 aunus;
632 3037 709 3097 varii
723 3037 804 3097 enim
818 3036 916 3097 varios
935 3038 1068 3097 amundi
1082 3039 1149 3099 ineu

142 3123 222 3199 bulis
236 3141 330 3202 usque
343 3122 382 3184 ad
394 3123 507 3186 Christi
525 3123 686 3185 adventum
700 3124 843 3184 terminos
856 3122 959 3202 figunt.

179 3211 311 3271 Joannes
328 3210 583 3289 Regiomontanus
601 3207 715 3271 Christi
736 3209 925 3269 nativitatem
945 3208 1036 3268 refert
1057 3209 1095 3268 ad

142 3312 251 3357 annum
263 3296 368 3356 mundi
382 3336 1092 3356 .........................
1108 3296 1148 3360 ,6

178 3380 425 3458 Martyrologium
439 3382 620 3452 Romanum,
634 3379 673 3438 V.
688 3378 784 3449 Beda,
805 3385 835 3437 et
852 3379 998 3438 Eusebius
1016 3377 1092 3439 Caes.

141 3485 208 3528 eam
220 3465 353 3526 referunt
367 3465 406 3525 ad
420 3482 529 3525 annum
549 3506 1091 3526 ...................
1128 3467 1146 3526 ti

176 3552 276 3612 Sixtus
287 3549 429 3621 sinensis,
442 3550 513 3610 Pica
525 3548 564 3610 de
577 3548 759 3621 Mirandola‚
773 3548 917 3625 multique
930 3548 1092 3609 Mathema-

139 3637 192 3698 tici
210 3636 249 3697 ad
263 3651 373 3695 annum
376 3676 1089 3694 .........................
1127 3636 1149 3694 5⁴.

175 3722 314 3782 Petavius
326 3726 358 3780 et
367 3719 563 3779 Bellamninus
575 3716 614 3779 ad
627 3735 737 3778 annum
757 3761 1090 3781 ............
1126 3722 1149 3781 5!

174 3804 347 3865 Communis
355 3812 429 3863 vero
441 3803 590 3863 sententia
603 3801 695 3863 refert
707 3801 819 3863 Christi
830 3801 944 3862 natales
954 3820 1020 3863 cum
1029 3804 1089 3864 Us-

137 3890 233 3961 serio,
248 3891 316 3950 Nat.
327 3885 514 3957 Alexandro,
531 3887 652 3958 Tirino,
664 3885 814 3958 Calmeto‚
834 3894 892 3947 otc.
909 3894 966 3947 etc.
983 3888 1021 3948 ad
1033 3905 1087 3948 an-

137 3993 210 4040 nnm
223 3977 382 4037 creationis
400 4013 1083 4036 ........................
1120 3975 1149 4034 tt

173 4059 352 4143 Periodique
365 4060 487 4145 Julianzo
515 4098 1083 4126 ....................
1119 4061 1149 4122 tt
