2708 4846
129 499 176 547 tot
415 500 460 546 1111
479 498 597 546 'textu
618 499 660 545 ΕΤ
679 496 920 546 vensionteus

165 591 234 652 ⁸79·
246 592 273 652 A
284 590 417 651 secundo
430 591 540 651 secuto
553 597 622 668 post
633 588 785 653 Christum
796 605 891 667 usqae
903 587 941 649 ad
953 587 1094 666 quintum
1104 595 1201 649 teuton

127 677 307 738 hebraicum
324 692 341 736 a
359 676 605 754 corruptionibus
619 676 867 737 substantialibus
880 675 1051 734 immunem
1067 684 1203 736 serratam

128 765 219 824 luisse
239 763 403 823 ostendunt
424 763 569 841 Origenis
591 761 745 841 Hexapla,
764 763 857 823 variae
887 761 1024 839 antiquae
1051 763 1203 831 versiones,

128 851 273 928 Vulgata,
289 849 558 911 Commentarios.
574 848 765 928 Hieronymi,
780 856 839 910 etc.

165 938 237 990 580.
256 935 283 995 A
298 934 409 994 sacculo
429 934 536 1009 quinto
555 950 651 1010 usque
666 932 705 992 ad
718 940 850 993 nostram
870 939 994 992 aetatem
1008 927 1204 994 substantialia

128 1024 228 1078 textus
246 1015 364 1076 hebraei
386 1016 560 1094 incorrupta
575 1022 748 1085 servarunt,
768 1015 899 1073 maxima
919 1013 1104 1074 Judaeorum
1116 1012 1206 1075 Chris·

129 1104 339 1180 tianortnnque
357 1102 389 1160 in
402 1101 488 1159 illum
501 1100 690 1173 reverentia,
705 1107 816 1178 puncta
828 1101 945 1161 vocalia
960 1117 979 1160 a
994 1101 1147 1161 Rabbinis
1157 1102 1206 1161 lla

128 1189 259 1252 soretbis
273 1191 355 1251 cirea
367 1188 512 1249 saeculum
530 1193 648 1248 sextum
661 1186 707 1245 illi
720 1187 832 1265 apponi
846 1194 963 1265 coepta,
974 1193 1069 1264 atque
1083 1187 1207 1248 celebres

129 1276 195 1355 ejus
210 1275 422 1345 recensiones,
447 1291 520 1351 quas
543 1272 631 1332 initio
652 1273 757 1333 saeculi
775 1272 930 1333 undecimi
953 1274 992 1333 ll.
1013 1271 1139 1334 Aharon
1154 1274 1205 1334 Rea

127 1363 248 1424 Ascher
270 1359 452 1429 Tiberiade,
479 1364 510 1418 et
534 1360 571 1416 tt.
596 1359 694 1417 Jacob
718 1359 784 1417 Ben
805 1357 949 1436 Nephtali
970 1357 1132 1437 Babylone
1154 1358 1207 1419 edi·

128 1449 249 1509 demant.
268 1446 309 1505 Hi
322 1445 382 1505 duo
405 1444 602 1504 eruditissimi
622 1444 773 1511 Rabbini,
787 1443 918 1521 quilibet
937 1461 994 1523 pro
1008 1461 1064 1506 sua
1076 1445 1205 1521 regione,

128 1533 357 1612 punctationem
370 1529 538 1589 ultimatam
551 1535 650 1589 textus
663 1527 781 1589 hebraei
791 1527 931 1589 fixerunt.
942 1530 1089 1591 Varietas
1098 1531 1206 1591 illorum

127 1618 317 1680 recensionis
338 1625 450 1695 puncta
471 1616 589 1675 vocalia
611 1623 643 1675 et
663 1622 805 1677 accentus
825 1614 981 1676 dumtaxat
999 1617 1142 1696 respicit,
1156 1635 1206 1678 nno

128 1705 225 1766 verbo
238 1704 355 1768 Cantic.
369 1702 398 1774 8,
412 1702 430 1762 6
444 1708 571 1781 excepto
580 1701 605 1762 *.

165 1788 278 1851 Teutas
296 1788 412 1849 hebraei
433 1788 621 1866 incorruptio
634 1785 839 1848 substantialis
850 1785 932 1847 clare
949 1788 1072 1848 eruitur
1087 1805 1125 1848 ex
1136 1787 1206 1849 illius

129 1876 293 1936 collatione
303 1891 371 1934 cum
380 1871 596 1951 antiquissimis
604 1869 1205 1947 versionibus,Alexandrina,l³eschito,

129 1961 366 2041 Paraphrasibus
378 1959 551 2022 Chaldaicis
565 1957 694 2028 Onkoli‚
707 1957 864 2031 Jonathae,
884 1958 1035 2035 Vulgata,
1050 1967 1112 2022 etc.

166 2049 237 2104 aar.
255 2049 386 2107 Textum
404 2061 521 2106 sacrum
542 2045 581 2104 ab
601 2042 740 2103 llebraeis
757 2043 789 2102 in
808 2039 885 2104 locis
906 2044 1068 2106 nonnullis
1087 2045 1207 2108 studiose

128 2139 304 2210 corruptum
317 2145 397 2200 esse,
413 2131 548 2189 virorum
567 2128 681 2207 linguae
692 2127 845 2188 hebraicae
859 2127 955 2202 probe
965 2130 1136 2206 peritorum
1145 2148 1208 2193 con·

128 2234 252 2288 sensus,
274 2225 365 2293 atque
389 2232 504 2275 summa
528 2214 704 2274 ,iudaeorum
730 2214 762 2273 in
786 2214 895 2274 Libros
916 2230 1021 2275 sacros
1047 2217 1208 2277 reverentia

128 2302 275 2370 refutant,
288 2301 363 2361 licet
378 2295 574 2359 inficiandum
590 2298 672 2359 haud
694 2300 733 2360 sit
753 2299 894 2360 Judaeum
909 2296 1046 2378 aliquem
1061 2301 1207 2364 hincinde

128 2387 229 2445 locum
242 2384 415 2464 quempiam
427 2383 460 2441 in
470 2383 623 2443 nonnullis
636 2385 859 2462 exemplaribus
872 2386 1008 2447 vitiasse.
1023 2387 1124 2449 Pauca
1135 2388 1206 2460 loca,

128 2484 196 2547 qtrae
214 2470 253 2530 ab
275 2467 456 2529 adversariis
475 2467 660 2545 integritatis
681 2475 781 2531 textus
799 2470 916 2530 hebraei
933 2470 1119 2550 adlegantur
1132 2480 1163 2533 nt
1176 2473 1207 2534 de

128 2554 323 2701 qqqquppione
339 2559 491 2633 suspecta,
515 2570 577 2612 non
595 2559 665 2614 sunt
681 2553 742 2615 nisi
759 2555 908 2617 lectiones
930 2554 1088 2618 variantes
1108 2558 1207 2640 pejoris

157 2759 238 2814 'Dosa
256 2764 309 2813 istae
324 2764 435 2813 celebres
448 2762 605 2813 recensiones
620 2765 730 2815 olfecisse
744 2764 876 2825 ridentur,
891 2766 920 2814 ol
940 2766 1043 2816 codices
1059 2768 1207 2830 manuscripti

126 2836 216 2882 saeculo
227 2833 322 2881 decimo
330 2834 716 2893 anteriores,punctisvocalibus
725 2835 847 2893 destituti,
854 2835 960 2883 aliterve
973 2836 1105 2898 punctati,
1115 2837 1208 2897 antedi

127 2903 185 2962 alut,
200 2904 273 2961 atque
293 2901 393 2949 tandem
411 2901 546 2962 perierint,
568 2903 594 2950 ct
620 2903 678 2950 hiuc
700 2903 784 2951 nullus
804 2904 883 2951 codex
904 2903 1021 2953 hebreus
1038 2905 1208 2967 manuscriptas

127 2971 216 3017 saectdo
227 2970 324 3017 decimo
335 2970 403 3017 certo
413 2968 539 3028 antiquior
548 2973 670 3030 superest.

163 3036 184 3058 ⁰*
199 3036 328 3085 (lodicibus
344 3037 517 3097 manuscriptis
533 3039 656 3087 hebraicis
671 3038 856 3099 examinandis,
875 3051 1013 3100 eorumque
1025 3042 1107 3090 valorl
1117 3043 1143 3092 et
1152 3042 1208 3091 atat

126 3104 242 3154 sialandia
252 3105 396 3154 immensam
404 3118 504 3166 operam
515 3105 691 3166 impenderunt
699 3106 861 3155 eruditissimi
871 3107 920 3155 virt
931 3108 1070 3159 Kennicott
1080 3112 1108 3160 et
1117 3111 1148 3160 de
1158 3113 1209 3159 llat-

126 3175 157 3223 si.
165 3176 261 3223 Primus
272 3175 298 3222 io
311 3174 389 3223 reteri
399 3177 470 3223 textu
481 3176 601 3223 Hebraico
610 3189 666 3223 cum
675 3176 755 3223 variis
764 3173 923 3224 Lectionibus
933 3178 994 3226 tom.
1006 3178 1034 3239 2,
1040 3180 1142 3242 oxonii,
1149 3179 1209 3229 tttt

68 3271 70 3276 ·
125 3244 420 3293 80.in-lol.cumdisecrt.
430 3243 686 3303 gen.inveteritextu
697 3244 994 3305 liebr.,atqucsecultdus
1003 3247 1209 3310 inopereinscrip·

126 3315 169 3360 toa
183 3314 264 3362 Vario
279 3315 398 3362 Lectiones
409 3314 492 3360 veteris
504 3315 580 3360 tectus
590 3327 622 3360 ex
635 3315 748 3361 immeruit
763 3315 819 3361 liu.
827 3345 835 3370 ‚
849 3315 1013 3375 editorumque
1029 3319 1106 3366 code.
1117 3317 1209 3380 eouqa'it

126 3383 229 3440 laurete,
240 3386 262 3430 ct
277 3383 307 3428 ud
324 3383 504 3430 samaritanum
522 3383 678 3442 11111111,αά
691 3383 857 3431 satiatissime
872 3383 1005 3442 erectores,
1021 3388 1045 3432 et
1058 3387 1209 3436 meorum

125 3452 152 3498 S.
164 3452 256 3499 critico
266 3452 340 3508 tontes
353 3463 382 3496 oc
392 3451 450 3508 tepea
458 3450 601 3497 examinate
607 3482 616 3507 ,
629 3462 705 3510 opere
717 3452 744 3497 et
754 3450 834 3497 studio
844 3450 867 3497 J.
880 3450 954 3498 Bcrn.
967 3451 999 3499 de
1015 3453 1089 3503 llossl
1099 3455 1126 3503 S.
1137 3456 1166 3504 Τ.
1174 3455 1209 3512 ll„

124 3518 227 3577 Parmae,
237 3517 349 3576 teat-88,
360 3515 374 3562 1
386 3518 435 3566 rol.
446 3514 518 3564 ἱππ-Ψ.

156 3587 281 3635 Editiones
292 3585 488 3632 lunelamentales
500 3587 585 3632 textus
598 3585 690 3634 trobraei
706 3587 763 3634 sunt
776 3599 784 3632 a
797 3586 820 3632 l⁰
831 3586 929 3634 sonaim
940 3587 1024 3636 iiihlia
1035 3589 1154 3640 hebraica
1162 3600 1209 3640 m

125 3656 223 3716 punctis
233 3658 259 3702 et
269 3654 421 3713 accentibus,
430 3653 499 3714 ttae,
509 3653 589 3701 iri-lot.
596 3653 658 3701 Sunt
666 3655 781 3701 maxlmae
789 3654 906 3703 raritatis.
914 3657 950 3705 2⁰.
959 3656 1100 3718 Polyglotta
1108 3659 1211 3721 compla-

124 3723 204 3771 tensia
215 3723 289 3783 1517,
301 3723 327 3770 ct
336 3724 361 3770 3⁰
377 3722 458 3770 Editio
473 3721 650 3781 hombergiana
665 3721 788 3782 secunda,
803 3723 917 3770 liii-27.
933 3725 970 3769 Ex
982 3725 1067 3774 trihrm
1083 3727 1151 3777 hisee
1164 3726 1211 3776 edl-

125 3791 235 3840 tionibus
253 3804 338 3839 omnes
349 3792 404 3839 aliae
417 3792 576 3849 emanarunt3
593 3792 718 3838 nonnullae
730 3792 813 3838 tamen
830 3791 856 3838 in
867 3792 953 3851 paucis
967 3793 1001 3839 ad
1018 3795 1120 3845 codices
1134 3807 1210 3846 mue

124 3859 228 3919 scriptos
243 3859 380 3906 emendatas
400 3859 470 3919 suut,
489 3860 516 3906 et
530 3858 596 3905 inter
612 3870 654 3906 eas
663 3860 700 3906 est
709 3859 817 3906 celebris
832 3859 910 3906 editio
922 3860 946 3909 t.
955 3860 1048 3925 athtae,
1059 3866 1139 3916 Amet.
1149 3863 1209 3913 tart.

124 3926 207 3975 aditio
217 3940 277 3976 vero
292 3928 398 3975 vander
408 3926 520 3986 lioogtti,
532 3927 605 3985 1705,
617 3938 672 3985 quac
683 3927 800 3986 quasdam
813 3928 938 3976 variantes
952 3930 1079 3981 lectiones
1094 3933 1209 3994 continet,

125 3995 248 4042 celebrior
261 3996 325 4044 tacta
337 3998 375 4044 est
384 4008 430 4056 per
436 3996 593 4043 collationem
603 3996 635 4043 cl.
648 3995 789 4043 licanicott.

155 4062 235 4110 Biblia
253 4065 388 4124 Polyglotta
408 4064 590 4124 Complutensia
612 4066 760 4124 procurante
785 4064 857 4113 Card.
878 4067 998 4115 Ximeoea
1020 4070 1095 4119 annia
1115 4070 1209 4119 lili-ti

126 4128 226 4191 edita,d
236 4132 286 4179 rol.
297 4131 377 4179 iudet.
389 4131 512 4182 exhibent
519 4132 616 4180 textum
625 4131 810 4182 hebraicumad
818 4133 914 4184 codices
922 4146 1072 4196 expreoeum
1081 4151 1136 4188 curn
1141 4150 1209 4202 pmc-
