2708 4846
502 426 703 476 conctbsto.
899 388 903 397 ι
1099 429 1144 476 bol

60 528 145 592 ortu,
166 519 317 597 dignitato
329 533 366 579 ac
378 515 439 579 tine
454 519 561 579 ultimo
574 518 722 591 hominis,
737 518 776 580 de
788 517 852 596 ejus
866 518 1014 579 relatione
1027 527 1058 579 et
1067 520 1144 586 obti-

60 606 237 689 gatfonibus
252 602 290 665 ad
304 605 403 664 Deum
416 612 601 676 creatorem,
613 606 854 675 benefactorem,
867 614 1018 666 rectorem
1031 606 1100 666 coeli
1113 615 1144 668 et

61 703 167 764 tetrae,
180 701 270 770 atque
283 691 443 752 criminmn
452 691 563 768 justum
573 692 740 753 vindicem.
752 693 834 768 Quid
847 693 944 754 dicam
954 692 992 753 de
1002 701 1145 772 prestan-

61 780 179 840 tissima
198 777 335 838 doctrina
353 777 461 836 morali
479 778 640 837 librorum
655 794 896 855 sacrorumque
913 776 1004 837 homo
1020 779 1145 839 sibimet

61 866 121 944 ipsi
140 866 307 945 imperare,
327 863 451 925 illicitos
469 866 635 943 appetitus,
647 882 728 926 sanae
744 866 870 937 rationi,
889 866 1012 942 legique
1029 866 1143 927 divinar

60 950 229 1028 subjicere,
256 951 344 1010 alteri
365 958 508 1029 praestare
534 969 602 1028 quse
625 951 687 1012 sibi
712 959 847 1030 exoptat,
871 953 973 1012 omnia
988 952 1026 1017 ad
1046 954 1144 1013 Deum

60 1036 178 1094 referre
197 1035 356 1106 edocetur,
379 1050 437 1112 qua
458 1033 549 1094 homo
571 1043 793 1113 consequenter
811 1036 921 1095 melior
937 1035 1088 1106 redditur,
1112 1045 1144 1097 et

60 1136 122 1199 qua
132 1120 180 1179 illi
191 1121 243 1181 via
257 1121 296 1180 ad
307 1136 411 1180 rerem
420 1119 597 1181 felicitatem
607 1127 671 1182 tum
679 1120 767 1196 hujus
777 1129 842 1181 tum
850 1121 975 1182 alterius
985 1121 1056 1180 vitae
1065 1130 1143 1183 ster-

59 1205 163 1265 niturf

96 1292 169 1350 Jam
187 1291 220 1349 in
241 1288 347 1366 primis
367 1286 529 1365 Scripturas
547 1304 640 1349 sacrae
660 1289 750 1349 libris
765 1289 907 1367 panditur
922 1296 1099 1368 prospectus
1109 1290 1143 1352 in

59 1375 547 1457 postremaillatempora,quibus
554 1375 753 1458 salutarisDei
762 1375 906 1452 cognitio,
915 1392 1032 1434 morum
1041 1392 1143 1436 emen-

61 1464 162 1533 datio,
179 1469 211 1522 et
225 1478 299 1522 uera
311 1460 441 1521 felicitas
457 1459 496 1520 ad
508 1477 614 1521 omnes
632 1468 741 1538 gentes
756 1460 930 1520 deserendae
947 1468 1042 1521 crant.
1056 1461 1143 1522 Divi·

60 1567 136 1611 uum
156 1547 216 1609 hoc
236 1547 396 1608 consilium
414 1547 447 1606 in
466 1546 688 1623 antiquioribus
704 1546 1012 1617 librisannuntiatur,
1025 1547 1057 1608 in
1070 1548 1143 1608 sub-

60 1632 263 1713 sequentibus
286 1628 448 1691 dilucidius
470 1630 654 1702 declaratur,
678 1638 769 1708 atquo
790 1631 920 1691 innovo
946 1633 1142 1694 Testamento

61 1717 240 1781 admiranda
257 1716 376 1777 ratione
397 1717 571 1776 executioni
587 1717 757 1777 mandatur.
777 1717 866 1775 Licet
883 1715 1093 1779 Pantheismus
1105 1736 1142 1780 oc

62 1802 237 1863 Idololatria
253 1801 428 1861 universum
444 1799 512 1859 fere
530 1807 680 1862 terrarum
692 1799 798 1859 orbem
817 1799 1046 1871 obnubilarent,
1065 1802 1143 1862 divi-

60 1906 135 1950 num
146 1887 205 1947 hoe
217 1886 377 1947 consilium
388 1902 451 1944 non
464 1884 618 1946 dumtaxat
629 1886 786 1945 immotum
798 1885 948 1963 perstitit,
958 1886 1012 1946 sed
1025 1893 1057 1946 et
1068 1904 1143 1947 con-

61 1981 178 2034 stanter
190 1971 230 2033 ad
241 1989 328 2033 suum
341 1969 433 2031 finem
447 1970 589 2032 tetendit.
606 1973 741 2031 Eventus
757 1969 886 2048 majores
898 1970 937 2030 ad
949 1971 1047 2049 ipsuum
1058 1972 1144 2033 colli-

60 2055 897 2136 mantesinLibrissacrispraedicuntur‚proutpraedicti
907 2059 1141 2129 stmteveniunt,

61 2155 96 2207 et
107 2145 231 2206 tondent
243 2143 427 2205 adveniente
439 2143 552 2203 Messio
563 2141 700 2203 divinum
712 2141 771 2203 hoc
781 2141 940 2202 consilium
948 2143 1073 2222 plenum
1080 2161 1142 2206 sor·

61 2231 137 2291 titur
152 2230 302 2290 effectum.
544 2270 548 2275 -

99 2319 189 2378 lesus
206 2317 377 2376 Nazarenus
388 2330 461 2374 vera
477 2320 576 2391 patrat
586 2313 746 2383 miracula,
760 2329 833 2373 vera
846 2312 910 2372 edit
924 2312 1082 2383 vaticinia,
1096 2313 1142 2374 di-

62 2403 225 2474 vinamque
237 2401 331 2462 tradit
348 2401 533 2471 doctrinam,
549 2418 606 2480 per
623 2417 690 2478 quoe
710 2401 819 2478 probat
836 2418 869 2461 sc
885 2417 950 2462 esse
964 2401 1052 2460 illum
1063 2403 1141 2464 Mes

62 2488 139 2548 siam
150 2505 168 2548 a
178 2488 337 2566 Prophetis
349 2493 395 2547 tot
405 2495 475 2548 ante
487 2488 604 2548 seculis
617 2487 810 2565 predictum,
822 2495 911 2564 atque
921 2487 954 2546 in
964 2505 997 2548 se
1007 2488 1141 2549 omnium

62 2574 282 2654 Prophetarum
293 2574 438 2634 vaticinia
451 2580 591 2632 accurate
601 2589 668 2632 esse
680 2572 856 2650 adimpleta.
868 2573 896 2632 A
908 2574 1010 2634 multis
1022 2582 1056 2633 ut
1064 2576 1142 2637 Mes-

62 2660 124 2720 sias
140 2657 327 2735 agnoscitur,
340 2655 394 2714 sed
407 2671 424 2713 a
437 2657 596 2731 synagoga
609 2663 640 2714 et
651 2672 669 2713 a
680 2656 787 2732 majori
798 2661 884 2730 parte
895 2659 1027 2718 nationis
1041 2660 1142 2737 rejici·

62 2750 129 2812 tur,
152 2739 324 2818 opprobriis
344 2744 502 2808 oneratur,
524 2744 556 2796 et
572 2739 662 2796 morti
682 2738 893 2815 ignominiosae
911 2740 1054 2811 traditur,
1072 2750 1142 2805 uta

63 2822 226 2904 Prophetis
241 2822 419 2903 praedictum
430 2822 538 2881 fuerat.
548 2823 744 2891 Ducebantur
755 2839 867 2901 nempe
879 2826 1038 2903 synagoga
1048 2844 1142 2905 popu-

62 2913 172 2990 lusque
180 2909 298 2988 judaeus
308 2908 476 2987 generatim
484 2907 538 2966 illo
547 2923 613 2967 sevo
625 2908 842 2989 praeoccupatis
850 2909 1054 2986 opinionibus,
1064 2912 1142 2974 Mes·

63 3003 141 3062 siam
165 2996 281 3057 debere
305 3010 372 3055 esse
395 2999 551 3073 potentem
570 2995 755 3074 principem,
774 2995 827 3072 qui
848 3002 1002 3055 terrenum
1018 2996 1143 3059 Davidis
1170 3018 1174 3027 ·

64 3099 194 3164 regnum
214 3081 404 3149 restitueret,
418 3085 451 3138 ot
465 3095 534 3139 cum
551 3081 656 3162 Jesum
674 3081 860 3139 Nazarenum
872 3080 1056 3141 talem-haud
1075 3100 1142 3145 esso

66 3169 223 3236 viderent,
245 3165 333 3224 illum
355 3170 519 3242 negarunt,
540 3172 698 3241 morteque
720 3165 896 3224 affecerunt.
919 3164 977 3224 Ast
996 3166 1141 3243 probrosa

67 3253 182 3317 Christi
193 3258 291 3311 morte
302 3249 382 3310 haud
394 3250 533 3311 obstante
546 3250 685 3312 divinrrm
695 3250 856 3311 eonsilium
867 3250 987 3311 fortiter
998 3267 1033 3312 ae
1044 3253 1144 3314 suavi·

67 3348 116 3399 ter
125 3337 162 3398 ad
173 3335 264 3397 finem
275 3353 361 3397 suum
373 3335 515 3397 tetendit.

103 3424 183 3483 Ecce
201 3422 283 3481 enim
303 3420 463 3482 duodecim
474 3420 650 3500 piscatores,
663 3420 723 3482 viri
736 3419 838 3490 rudes,
849 3420 998 3481 illitterati
1010 3436 1046 3480 ac
1058 3421 1144 3499 igno·

67 3506 158 3576 biles,
172 3523 190 3566 a
205 3506 325 3568 Christo
338 3506 444 3567 selecti
462 3513 546 3576 sunt,
559 3512 593 3564 ut
603 3506 834 3567 conversionem
846 3507 938 3566 totius
950 3506 1033 3565 orbis
1045 3509 1144 3587 suspi-

67 3602 191 3664 centur,
204 3601 294 3670 etque
311 3593 354 3652 ita
371 3593 555 3654 salutiferam
566 3593 623 3653 Dei
638 3593 859 3672 cognitionem,
873 3610 990 3652 morum
1003 3593 1145 3655 emenda·
1203 3636 1208 3643 ,

68 3679 199 3750 tionem,
219 3686 251 3738 et
269 3694 374 3738 veram
397 3677 573 3738 felicitatem
591 3679 629 3740 ad
650 3695 756 3739 omnes
773 3685 880 3755 gentes
898 3677 1035 3738 deferent
1053 3685 1143 3755 atque

68 3769 247 3842 propagent.
272 3763 311 3821 lli
337 3762 502 3841 piscatores
522 3762 645 3823 divitias
664 3770 826 3841 spernunt,
847 3763 969 3842 propria
987 3763 1144 3826 commoda

69 3846 242 3924 negligunt,
264 3854 472 3925 paupertatem
492 3863 545 3908 sua
566 3856 674 3927 sponte
693 3856 855 3909 sectantur.
879 3849 1098 3926 Hierosolymis
1109 3850 1142 3910 in

70 3932 137 4009 ipsa
156 3930 271 3991 Judaeae
291 3931 450 4009 metropoli
470 3932 544 3992 festo
564 3931 616 3993 die
628 3933 816 3995 Pentecostis
828 3950 929 3995 eoram
948 3933 1142 3996 refertissima

70 4016 264 4077 multitudine
287 4017 428 4096 cujusque
449 4020 580 4080 nationis
599 4019 805 4098 Apostolatum
823 4039 908 4081 strunt
930 4021 1088 4094 inchoant,
1110 4031 1143 4082 ut
