2708 4846
330 456 513 509 tinuonttll
531 457 728 516 BAGRORUM·
1022 466 1067 522 {di

116 563 224 697 ginesheim
240 549 340 613 subito
355 552 602 625 stitisset,omnia
615 556 745 621 aedificia
757 557 876 622 telluris
885 550 1024 635 concuti,
1033 581 1069 627 ae

187 634 310 698 uissent.
1026 639 1030 645 ’

116 740 162 783 nm
171 724 219 784 sol
238 730 316 785 esset
331 740 427 805 prope
442 724 568 787 Gabaon
586 732 618 788 et
629 726 701 791 luna
713 746 808 812 prope
821 730 932 793 vallem
940 733 1068 808 Aialon,

116 810 184 871 mbo
202 811 258 871 sub
275 811 383 872 eodem
395 811 575 875 meridiano.
589 814 674 876 Luna
686 816 813 897 proinde
829 825 894 880 erat
906 819 1069 886 invisibilis

116 916 149 956 m
159 898 240 959 solis.
252 898 300 958 nd
313 898 385 974 quid
398 897 490 976 igitur
497 897 632 976 jussisset
643 903 736 964 losue
745 903 847 966 limam
856 923 974 969 cursmn
982 927 1068 971 suum

116 1032 118 1051 ‚
134 1002 202 1045 etun
216 984 266 1042 illa
278 985 333 1061 ipsi
350 984 388 1044 ad
399 984 477 1044 nihil
489 985 669 1047 inserviret?

121 1067 194 1130 luna
208 1069 322 1128 tamdiu
332 1068 365 1128 in
378 1069 486 1129 ecdem
499 1069 567 1131 loco
582 1062 1068 1144 stitisset,mntun1luxummarts

116 1157 202 1225 isset,
217 1161 250 1214 ut
259 1154 358 1214 omnia
369 1154 454 1232 aquis
466 1154 620 1216 submersa
628 1156 764 1218 tuissent.

116 1292 118 1300 ,
137 1240 203 1301 dies
219 1241 387 1318 duplicatus
404 1241 521 1313 luisset,
535 1240 644 1302 incolae
657 1241 764 1303 calidae
781 1242 948 1307 Palaestinae
967 1249 1067 1313 calore

116 1327 173 1388 rire
189 1325 378 1396 debuissent,
388 1325 560 1405 militesque
571 1327 672 1389 Josuac
681 1326 846 1408 praeliando
859 1330 974 1396 viribus
983 1333 1068 1399 deie-

128 1508 217 1562 terrae
236 1514 339 1557 cumas
356 1495 517 1569 inhibitus,
537 1497 661 1577 diesque
674 1498 841 1579 duplicatus
857 1501 976 1577 inisset,
989 1506 1022 1570 id
1033 1509 1067 1571 in

116 1604 144 1650 te
153 1595 257 1648 notum
266 1585 384 1654 luisset,
395 1585 616 1664 scriptoresque
626 1587 743 1665 antiqui
752 1587 791 1648 de
799 1589 858 1651 hoe
867 1590 1066 1670 phaeuomeno

116 1674 301 1735 reordinario
311 1673 404 1733 locuti
417 1673 556 1744 inissent,
567 1674 649 1750 quod
657 1673 768 1734 iactum
779 1693 841 1736 non
851 1684 907 1739 est

124 1767 240 1821 tantum
249 1758 427 1819 miraculum
438 1759 628 1837 contigisset,
641 1760 735 1819 Josue
746 1759 844 1838 gloria
855 1763 1067 1830 miraculum

116 1853 162 1908 set
174 1847 315 1922 Moysen,
330 1843 410 1920 quod
422 1843 644 1903 contradiceret
652 1845 741 1903 Dent.
755 1844 807 1916 tl,
818 1845 865 1906 lo.

119 1938 218 1993 textus
233 1930 304 1989 libri
322 1930 416 1988 Josue
427 1926 599 1986 litteraliter
610 1927 771 1989 sumendus
783 1937 875 2000 esset,
889 1941 1067 2011 sequeretur

116 2033 173 2080 esse
187 2014 421 2095 experientiam,
435 2029 494 2090 qua
510 2018 595 2072 certo
608 2019 739 2085 constat,
749 2014 782 2074 in
794 2014 970 2094 regionibus
980 2022 1066 2101 pola.

116 2106 158 2166 ies
169 2103 263 2162 multo
274 2101 430 2179 longiores
440 2096 521 2170 e‘sse,
531 2116 620 2176 quam
631 2098 796 2161 fuissetilla
807 2103 917 2165 Josuae.

116 2188 381 2271 Responderivero
392 2183 871 2265 potest,adprimam,secundam
881 2197 1064 2269 etquenam,

116 2292 170 2337 um
180 2291 321 2353 magnum
332 2274 397 2332 Deo
409 2270 477 2351 plus
488 2288 551 2332 non
563 2279 701 2333 constare
711 2288 800 2350 quam
811 2291 952 2351 parrum,
962 2277 1065 2354 illum,

118 2379 186 2423 ema
197 2358 395 2440 planetarirmr
409 2357 539 2427 creavit,
552 2355 682 2436 planetis
696 2375 783 2419 suum
795 2365 925 2432 motum,
941 2369 973 2424 et
984 2363 1065 2429 lrmae

116 2464 203 2508 onem
217 2460 359 2522 aquarum
370 2442 460 2504 maris
472 2441 600 2513 indidit,
610 2442 700 2503 facile
708 2442 850 2505 inhibere
859 2447 991 2525 potuisse
998 2468 1065 2513 cun

116 2532 309 2613 implanetae,
320 2530 393 2607 quin
404 2529 456 2589 alii
468 2527 541 2589 inde
551 2536 743 2608 paterentur,
755 2531 918 2608 etquidem
928 2538 1064 2600 eomodo

116 2638 138 2682 us
162 2636 223 2678 non
248 2623 476 2686 concuteretur,
501 2621 592 2694 atque
615 2631 789 2695 praecavere
812 2616 899 2676 illum
923 2637 1064 2701 magnum

116 2721 220 2852 m
238 2793 270 2848 et
286 2786 422 2865 quintam
438 2786 510 2846 luna
526 2800 645 2845 cursmn
661 2801 748 2846 suum
763 2785 870 2848 sistere
886 2785 1007 2863 debuit,
1025 2806 1064 2853 eo

116 2875 159 2939 od
178 2876 269 2937 tellus
290 2891 376 2934 suum
388 2888 509 2934 causum
529 2871 664 2932 sistebat.
677 2868 809 2932 Difficile
822 2871 888 2934 Deo
908 2871 989 2936 haud
1008 2873 1064 2937 init

116 2978 124 3021 r
144 2961 219 3024 solis
237 2961 406 3022 moderare.
424 2959 539 3021 Omnes
554 2974 628 3019 vero
645 2957 757 3019 milites
768 2959 870 3020 Josuae
889 2959 956 3022 sine
968 2959 1064 3023 inten-

116 3064 134 3109 e
145 3063 308 3128 pugnasse,
318 3043 428 3105 nullibi
441 3044 563 3121 legitur.

116 3140 207 3194 mam
225 3132 339 3211 antiqui
355 3129 519 3208 scriptores
533 3125 667 3208 profani,
681 3142 807 3204 quorum
819 3142 912 3205 opera
922 3135 973 3189 aut
983 3129 1063 3210 trag·

116 3225 298 3290 utant,sunt
308 3219 401 3277 Josua
411 3213 512 3275 multis
524 3213 642 3275 saeculis
650 3211 833 3292 posteriores
843 3211 945 3290 (Cous.
955 3214 1063 3292 n.99),

116 3321 148 3366 uc
159 3305 270 3365 iactum
283 3310 333 3363 aut
342 3300 562 3382 ignoraverint,
574 3306 624 3360 aut
635 3300 734 3380 ipsum
745 3297 850 3360 salsum
859 3299 1064 3363 existimantes

119 3393 334 3454 noluerintEx
343 3389 445 3450 Libris
455 3388 549 3451 saeris
559 3387 735 3449 ,ludaeorum
745 3385 822 3447 illud
832 3403 895 3448 non
905 3386 1065 3472 depromp-

134 3492 172 3540 eo
202 3477 284 3556 quod
302 3476 381 3546 illis,
406 3483 440 3536 ut
461 3473 587 3555 pagani,
611 3490 673 3535 non
700 3472 877 3535 credebaut.
907 3475 942 3534 ln
959 3474 1065 3538 Anna-

116 3565 271 3627 inensibus
291 3563 417 3633 dicitur,
440 3563 537 3624 solem
556 3561 614 3623 sub
631 3562 716 3632 Yao,
740 3560 869 3642 septimo
892 3561 1064 3626 sinensium

116 3652 310 3721 credonem
338 3649 445 3711 diebus
474 3648 625 3712 continuis
656 3663 746 3729 supra
765 3647 953 3710 horizontem
971 3666 1063 3713 ruran-

116 3756 167 3821 ,ω
188 3737 379 3820 exaggeratio
395 3736 485 3801 facile
504 3753 544 3800 ex
566 3735 694 3800 statione
708 3735 781 3800 solis
800 3735 858 3799 sub
877 3736 972 3799 desua
988 3737 1063 3805 oriri

116 3862 261 4001 spamam
279 3928 386 3974 sensus
401 3912 491 3972 Deut.
509 3911 562 3983 dt,
587 3909 625 3971 lo
646 3916 706 3984 est,
728 3909 883 3972 neminem
905 3914 1062 3991 usquead

116 4016 199 4083 npus
216 4005 279 4061 tam
289 3999 477 4060 familiariter
492 4015 562 4061 cum
576 3999 641 4060 Deo
655 4003 864 4062 conversatum
872 3996 1062 4079 fuissequarn

116 4106 652 4180 manducantesmemqtt,

908 4170 936 4227 tt
