2708 4846
110 472 134 523 x
558 469 748 521 suarium.

110 556 265 655 ingenue
278 554 438 652 exposui,
454 565 490 628 et
504 577 630 628 earum
638 555 886 643 hundamenta,
904 566 1082 648 quantum
1098 578 1192 652 opus

110 665 191 752 tuit,
207 666 326 752 retuli,
343 678 425 738 tum
438 677 479 738 ut
494 687 597 737 arma
610 664 772 737 hostium
787 677 1032 738 sacrosanctae
1049 679 1189 740 nostrae

110 775 294 874 religionis
306 787 554 863 noscerentur,
570 788 652 846 tum
666 785 709 847 ut
722 775 874 849 victoria
897 773 1053 849 veritatis
1073 776 1191 873 magis

109 883 337 959 elucesceret.

158 996 291 1068 Textus
312 1008 348 1068 et
368 994 554 1068 citationes
577 1017 705 1070 omues
727 991 923 1068 Librorum
943 1016 1131 1067 sactorum
1148 995 1191 1067 in

111 1103 387 1178 llermeneutica
401 1127 505 1178 sacra
521 1117 751 1179 occurrentes
773 1126 861 1178 cum
881 1103 1070 1199 Scriptura
1086 1127 1190 1176 sacra

110 1214 241 1287 iterum
251 1215 453 1308 iterumque
463 1216 673 1310 scrupulose
689 1215 887 1298 contuli,ut
898 1213 997 1299 haec,
1012 1225 1189 1305 quantum

108 1323 243 1409 liceret,
261 1324 382 1397 forent
397 1324 633 1397 exactissima.
648 1325 802 1397 Textum
815 1322 1055 1420 originarium
1070 1324 1112 1394 in
1126 1348 1190 1396 re-

106 1429 177 1522 ⁸bus
193 1431 340 1526 majoris
360 1433 539 1505 momenti
559 1431 676 1506 verbis
697 1445 733 1506 et
748 1430 1015 1506 characteribus
1031 1433 1189 1527 propriis
1205 1472 1207 1474 ·

109 1543 233 1629 retuli,
254 1542 337 1615 lieet
357 1541 399 1613 in
420 1539 573 1618 hebraeo
593 1565 698 1615 voces
718 1540 905 1615 hebraicas
926 1542 1052 1615 litteris
1069 1542 1190 1614 latinis

110 1649 352 1737 exhibuerim,
384 1653 526 1745 eoquod
555 1650 804 1749 typographus
836 1649 1104 1725 characteribus
1128 1650 1191 1725 he·

108 1758 223 1837 braeis
247 1773 358 1835 earet.
377 1763 543 1853 Quatuor
562 1759 698 1836 tabulae
724 1789 735 1834 ε
759 1760 880 1857 prima
904 1760 1187 1858 chronologica3

108 1872 267 1944 secunda
275 1870 491 1943 variantium
501 1870 700 1944 lectionum
712 1870 1054 1970 chronologicarum
1065 1900 1074 1944 ε
1085 1872 1190 1944 tertia

111 1981 290 2076 capitum,
310 1981 512 2053 sectionum
527 2004 570 2054 ac
587 1979 919 2078 paragraphorum3
938 1995 974 2053 et
988 1994 1117 2073 quarta
1132 2007 1191 2056 re-
1219 1977 1223 1982 ’

109 2112 195 2161 rum
207 2087 502 2162 memorabilium
514 2090 556 2160 in
567 2086 747 2162 ambobus
757 2089 1050 2163 Hermeneuticae
1067 2113 1188 2166 sacrae

110 2199 219 2272 tomis
235 2199 522 2284 occurrentium,
542 2200 588 2271 ad
605 2200 741 2272 calcem
758 2199 946 2274 collocatae
964 2211 1062 2272 sunt.

18 2320 24 2328 “
112 2322 117 2330 ’
160 2308 348 2384 Caeterum
359 2309 680 2382 Hermeneuticam
692 2331 833 2381 sacram
851 2308 1022 2404 cujusque
1036 2310 1189 2384 meliora

110 2418 281 2515 sapientis
297 2432 333 2492 et
349 2418 465 2494 amice
482 2419 665 2492 monentis
684 2417 819 2512 judicio
838 2419 934 2492 ultro
955 2418 1189 2512 lubenterque

110 2527 297 2616 submitto,
313 2553 400 2626 quae
413 2528 573 2608 inexacta
584 2529 705 2606 forent
715 2528 756 2604 in
769 2529 880 2603 altera
892 2529 1048 2613 editione
1058 2555 1189 2608 emen-

111 2639 274 2712 daturus.

159 3004 297 3101 Scripsi
308 3006 436 3080 Leodii
447 3004 515 3082 hac
530 3034 550 3103 7
565 3005 701 3109 Aprilis
718 3005 825 3088 1818.

736 3479 774 3574 J.
791 3479 840 3554 n.
860 3482 1110 3569 Jnnssnns,

521 3667 614 3729 sacre
630 3666 789 3744 scripture
802 3682 831 3728 et
842 3671 1006 3747 Theologie
1019 3673 1184 3751 iogmstieae

546 3755 695 3832 professor
707 3758 845 3833 publicus
858 3767 888 3815 et
896 3758 1077 3822 ordinarias.
