2708 4846
139 447 187 500 tto
446 447 490 497 bt
509 447 680 497 sunalbus
699 446 742 494 tt·
764 442 925 495 aarum

137 541 173 602 in
193 539 293 602 studio
317 537 395 601 tanti
414 539 562 601 momenti
582 537 731 618 imprimb
743 536 784 598 ab
802 535 961 597 erroribus
975 533 1149 598 cavmdnm
1168 535 1215 609 ἀί,

138 627 276 704 sequitur
285 628 486 706 interpretem
495 621 1004 697 christianumimprimiseritcria,
1027 620 1215 700 seuregnbs,

138 712 359 774 immunitatem
369 713 408 772 ab
420 713 574 773 erroribus
583 712 771 793 prudentia,
782 709 856 771 dein
865 726 940 771 vero
951 709 1097 788 regulas,
1105 725 1216 787 quarmn

138 814 198 877 ope
207 815 313 859 verum
322 798 485 876 Scripturae
494 815 616 860 sensum
628 797 781 866 inveniat,
793 813 857 875 prae
866 795 966 856 oculis
972 793 1215 865 haoercdebere

138 897 231 961 quare
245 881 378 962 primum
390 883 517 945 criteria
531 882 705 963 generalia,
726 881 799 946 dein
817 897 893 942 vero
906 879 1111 961 particularia
1124 894 1216 942 sm

108 966 117 980 '
137 966 280 1031 litteralis
293 969 454 1031 trademus.

137 1100 155 1169 ς
169 1103 364 1154 vti-critone
374 1105 502 1167 exegetica
512 1103 821 1235 generalis,nsppu¹i{elpnle
831 1103 961 1165 senentes
973 1099 1217 1165 nummatus-

176 1293 250 1349 622.
278 1295 313 1355 ln
337 1294 589 1374 interpretatione
608 1293 773 1374 Scriptma
797 1309 892 1356 sacras
912 1290 1077 1371 explicatio
1094 1291 1219 1354 tcum

137 1380 282 1457 &woodo
295 1389 337 1441 ost
357 1381 364 1404 ¹
374 1400 385 1452 ,·
399 1398 469 1442 cum
493 1382 576 1441 enim
596 1382 710 1445 Christi
730 1381 875 1443 Ecclesiae
890 1379 1062 1441 Librorum
1080 1394 1218 1442 sactorum

137 1465 345 1544 intelligentia
354 1465 471 1526 credita
481 1466 536 1536 sit,
547 1472 579 1526 et
590 1483 653 1527 non
665 1467 723 1528 soli
734 1467 862 1536 radoni,
872 1465 924 1529 cui
932 1464 1218 1545 mullasuntimpet·

136 1549 204 1622 via,
218 1551 455 1630 explicationem
468 1551 613 1612 Ecclesiae
625 1551 754 1632 privatis
765 1552 876 1618 nostris
888 1551 1098 1631 conceptibus
1112 1565 1216 1632 praept-

136 1653 213 1698 nere
228 1638 397 1699 debemus:
412 1658 428 1695 e
442 1639 575 1699 Necesse
589 1645 650 1708 est,
661 1638 890 1700 aitVincentius
901 1636 1098 1710 Lirinensis,
1107 1643 1217 1717 propiet

137 1740 156 1780 n
170 1729 270 1785 tantos
285 1729 347 1784 tam
361 1722 441 1784 varii
457 1723 571 1785 erroris
587 1723 751 1794 annectas,
766 1730 801 1784 ut
814 1721 992 1804 Prophetiae
1006 1728 1041 1782 et
1055 1720 1216 1803 apostolae

137 1808 342 1871 »traditionis
350 1809 434 1870 linea
446 1808 612 1871 secundum
625 1809 827 1872 ecclesiastici
837 1816 870 1870 et
881 1807 1033 1870 catholici
1046 1821 1216 1870 semmaat-

139 1906 251 1956 smam
262 1894 420 1973 dirigatur.
435 1895 618 1973 »Qualibet
629 1894 840 1975 interpretatio
852 1892 1023 1974 Scripturas
1039 1908 1150 1965 moras,
1161 1904 1216 1970 qn

137 1997 208 2041 cum
222 1981 332 2061 spiritu
344 1981 517 2043 traditionis
540 1981 715 2061 apostolicae
737 1998 799 2042 non
817 1980 948 2060 incipit,
971 1987 1007 2041 et
1031 1979 1147 2060 tabique
1162 1993 1215 2040 mu

138 2065 299 2138 coincidit‚
322 2068 516 2146 semetipsam
531 2066 675 2140 destruit,
695 2065 924 2143 etScripturam
936 2081 1063 2127 sacram
1073 2065 1213 2147 depravat

538 2200 822 2268 sun-mmm

174 2319 247 2375 023.
262 2319 422 2381 emanent
430 2322 692 2385 monimil'ctrum
700 2322 879 2386 Ecclcsicut'tt
887 2322 972 2385 rebus
986 2320 1066 2402 fidet·
1075 2329 1103 2385 et
1115 2335 1215 2384 m

137 2408 181 2462 eat
203 2402 427 2476 adhaerendum
447 2407 568 2484 qnando
591 2410 675 2469 enim
699 2411 804 2472 Patres
830 2409 864 2470 in
885 2408 982 2470 rebus
1005 2407 1215 2491 dogmaticistt

136 2486 304 2549 moralibus
316 2492 1037 2564 suntunanimes,nobissistuntfidemEcclesiae
1048 2493 1213 2561 catholica

138 2589 206 2650 quac
216 2573 249 2633 in
261 2573 487 2640 hiscemateriis
497 2594 600 2640 errare
609 2579 690 2641 haud
700 2587 810 2660 potest.
820 2581 901 2642 Hinc
911 2580 1094 2645 Concilium
1102 2577 1214 2642 Triton

136 2657 283 2719 tinum:«
294 2658 345 2721 Ad
356 2663 525 2725 coercenda
534 2664 700 2744 petulantia
709 2665 834 2744 ingenia
844 2665 988 2727 decernit
1017 2674 1052 2726 ut
1065 2676 1213 2728 nemostat

138 2763 156 2800 n
167 2743 339 2825 prudentiae
360 2748 496 2821 innixus,
508 2751 542 2811 in
560 2751 651 2812 rebus
669 2750 742 2812 fidei
755 2759 786 2814 et
797 2768 916 2812 morum
932 2751 972 2812 ad
992 2751 1214 2814 aedificatioum

139 2830 314 2894 ndoctrinae
326 2833 499 2897 christianae
518 2838 754 2918 pertinentium,
768 2855 884 2900 sacram
898 2839 1096 2918 scripturam
1108 2838 1146 2900 ad
1158 2850 1215 2898 suot

138 2936 156 2973 n
168 2935 275 2980 sensus
289 2927 507 2998 contorquens,
524 2931 630 2983 contra
643 2938 713 2984 cum
724 2940 862 2994 sensum,
872 2941 965 3002 quem
977 2926 1085 2986 tenuit
1099 2932 1130 2986 ct
1143 2924 1214 2983 tenti

138 3024 156 3059 s
168 3013 271 3066 sancta
282 3008 538 3080 materiensis,
548 3011 633 3087 cujus
646 3017 692 3071 est
699 3009 837 3087 judicare
846 3010 886 3071 de
895 3028 970 3072 vero
984 3028 1083 3074 sensu
1092 3018 1125 3074 et
1133 3010 1213 3070 inter

139 3111 156 3147 n
168 3093 339 3171 pretatione
348 3094 570 3174 seripturarum
579 3098 924 3168 sanctarum,autetiam
932 3104 1044 3160 contra
1052 3097 1213 3192 unanimem

139 3196 157 3233 n
172 3194 353 3326 corpsensum
385 3181 508 3242 Patrum
538 3181 636 3262 ipsam
665 3183 851 3264 scripturam
872 3198 993 3244 sacram
1025 3184 1212 3266 interpretas

140 3281 211 3325 nau
233 3265 318 3327 eat⁸.
331 3285 349 3321 n

541 3389 614 3457 six.
627 3392 761 3455 -llepula
772 3393 814 3442 ill.

174 3509 247 3567 lm·
261 3509 449 3573 Obaewctrdo
460 3518 503 3573 est
517 3511 655 3590 onolopia
663 3510 735 3590 [odei
744 3513 803 3573 alne
815 3511 977 3583 doemon,
990 3513 1025 3574 id
1035 3521 1086 3576 est
1099 3529 1217 3577 cousen-

137 3612 189 3658 sus
204 3613 273 3658 cum
288 3596 469 3657 veritatibus
487 3597 520 3657 in
536 3597 629 3658 variis
644 3599 746 3660 Libris
760 3597 853 3659 sacris
870 3598 1043 3670 contentis;
1062 3618 1134 3663 cmm
1145 3598 1218 3659 enim

137 3684 236 3745 omnis
250 3682 388 3744 doctrina
399 3684 559 3745 Librorum
570 3700 724 3746 sacrorum
738 3701 756 3745 a
769 3687 835 3745 Deo
846 3681 1078 3764 proficiscatur,
1092 3694 1124 3748 et
1134 3698 1219 3746 unum

138 3774 235 3828 totum
247 3769 423 3840 constituat,
433 3769 515 3831 inter
524 3767 589 3846 ejus
597 3776 699 3849 partes
715 3776 836 3831 mutnus
845 3786 1015 3833 consensus
1026 3771 1069 3833 sit
1086 3775 1217 3852 opertus

138 3855 267 3929 qumesi
281 3854 334 3933 qui
346 3861 445 3916 tentus
457 3872 526 3917 cum
538 3856 718 3917 veritatibus
730 3856 805 3916 alibi
821 3854 904 3916 clare
919 3856 1079 3920 contentis
1090 3867 1220 3935 pugnato

138 3934 315 4010 videantur,
333 3941 377 4001 ita
394 3939 567 4020 exponendi
591 3947 675 4010 sunt,
698 3947 734 3999 ut
753 3957 823 4002 oum
843 3939 892 4002 bis
908 3942 1116 4005 consentiant
1134 3943 1219 4003 Juxta

169 4053 264 4110 teon.
276 4057 726 4126 rnr.,sco.t,c.t.-¹1on.,c.
739 4062 765 4112 2.
