2708 4846
138 423 187 487 aas
542 418 590 470 1)ss
607 415 807 489 1011100111

137 515 264 593 Moysen
288 502 297 573 a
318 529 345 569 ‹r-
356 511 424 575 Non
443 511 573 573 surrexit
590 510 682 582 ultra,
697 511 742 571 ihi
762 509 888 582 dicitur,
906 507 1056 588 propheta
1071 506 1212 591 lnhmel

139 600 245 660 nsicut
256 600 385 677 Moyses,
400 615 490 675 quem
506 603 608 657 nosset
622 597 767 658 Dominus
779 594 856 656 iacie
872 593 910 656 ad
918 593 1028 656 facicm
1032 612 1043 667 ;
1057 592 1207 679 uproiudt

137 685 183 748 ibi
195 685 235 747 do
247 685 399 751 miraculis
409 682 534 762 quaestio
544 700 605 742 non
617 689 671 743 est.

175 772 224 832 hd
247 778 383 834 octavam
401 778 505 831 auctor
521 769 593 829 libri
610 772 703 831 Josue
719 767 853 846 loquitur
868 765 906 829 de
919 764 1095 840 Palaestina,
1108 765 1143 829 iu
1153 781 1200 847 qua

138 858 305 929 scrihebat,
318 875 380 918 non
392 874 465 918 vero
476 857 517 918 de
533 856 600 917 aliis
610 852 794 935 regionibus.

176 948 247 1002 110.
269 945 374 1006 Tertia
395 945 560 1015 sententia,
578 962 667 1023 quam
685 942 819 1020 sequitur
837 942 875 1003 cl.
894 940 1021 1020 Bergier
1043 940 1065 1013 ¹,
1080 941 1200 1021 aliquan-

138 1033 233 1094 tulum
245 1033 464 1112 appropinquat
481 1031 586 1111 primae
602 1030 798 1110 explicationi
811 1031 932 1090 Patmm
945 1028 991 1106 (n.
1005 1026 1084 1107 tot),
1095 1029 1201 1090 statuit-

139 1136 213 1196 que,
226 1121 322 1178 Demn
339 1134 395 1196 per
413 1116 590 1176 miraculum
605 1117 798 1195 prolongasse
814 1114 1021 1195 crepusculum
1033 1114 1117 1186 solis,
1128 1115 1202 1175 utita

139 1206 215 1267 radii
230 1205 342 1266 solares
358 1203 471 1263 lineam
484 1219 606 1263 curvam
619 1202 862 1282 descripsissem,
884 1209 915 1261 et
930 1201 965 1260 11
980 1200 1065 1263 horis
1077 1200 1205 1263 horizon·

106 1288 113 1305 '
138 1298 201 1353 tem
212 1293 418 1351 illustrassent.
435 1293 498 1350 Hac
511 1289 543 1348 in
556 1289 706 1350 sententia
719 1297 817 1349 motus
831 1288 1000 1349 ordinarius
1010 1288 1141 1366 planetis
1152 1304 1207 1351 ser·

139 1388 240 1450 vatur,
254 1385 284 1436 et
301 1372 491 1435 difficultates
502 1391 533 1433 n.
548 1373 754 1446 107,1”,1”,0ο
769 1380 800 1433 et
809 1372 840 1432 5⁰
853 1374 1025 1446 recensitae,
1047 1373 1205 1459 dispareat.

137 1464 336 1529 Difficultates
349 1463 476 1542 septima
490 1470 520 1522 et
537 1468 643 1531 octava
655 1478 710 1540 per
721 1461 858 1541 superius
870 1460 970 1521 0111111
980 1461 1210 1541 explicationem

139 1549 298 1620 tolluntur,
316 1545 506 1610 difficultates
525 1563 598 1608 vero
616 1547 706 1608 tertia
722 1554 852 1608 etsexta
869 1547 1080 1619 manent;nisi
1098 1547 1210 1611 dimtn

140 1634 178 1696 ad
200 1635 319 1694 tertiam
343 1631 563 1704 difficultatem,
587 1634 710 1693 Josuam
727 1634 863 1712 politice,
886 1640 937 1693 aut
957 1633 1146 1713 emphatice,
1167 1634 1211 1697 lo-

140 1729 241 1787 eutmn
260 1720 367 1792 luisse,
382 1727 414 1782 et
432 1720 470 1782 ad
490 1727 604 1782 sextam
622 1719 704 1781 idem
720 1719 937 1804 respondeatur
948 1737 983 1782 ac
995 1720 1028 1781 in
1040 1721 1211 1809 prioriren

140 1808 245 1869 tentia.
1237 1802 1244 1819 '

178 1897 248 1953 teo.
261 1899 383 1974 Quarta.
393 1894 530 1956 Tandem
543 1894 644 1976 plures
654 1895 850 1965 recentiores,
862 1913 935 1971 quos
947 1895 1027 1954 inter
1039 1894 1079 1956 el.
1092 1894 1173 1959 Jahn
1184 1903 1213 1958 ct

140 1981 179 2043 dc
195 1982 366 2041 Brentanno
381 1981 403 2052 ²,
417 1980 617 2052 contendunt,
631 1988 746 2040 textum
762 1983 854 2041 Josuc
868 1981 929 2057 (10,
945 1980 1049 2056 tatu)
1063 1982 1214 2061 poeticum

140 2084 221 2138 esse,
236 2084 364 2143 eumque
386 2065 571 2144 significare,
591 2069 713 2126 Josuam
731 2067 900 2145 emphatice
920 2075 1091 2148 exoptasse,
1107 2070 1229 2133 utdiet·

140 2152 179 2215 ad
199 2150 439 2212 internecionem
451 2149 581 2209 hostium
593 2151 837 2230 prolongaretur,
850 2154 1007 2233 ipsumque
1020 2161 1137 2215 tantam
1146 2154 1215 2217 hos·

139 2239 216 2299 tium
227 2245 357 2315 stragem
369 2236 516 2307 edidisse,
531 2236 603 2295 acsi
619 2236 684 2296 dios
696 2237 864 2316 duplicatus
876 2240 990 2301 [uisset.
1005 2241 1094 2301 Ratio
1112 2259 1215 2304 eonuu

140 2330 202 2390 est,
215 2319 294 2397 quod
310 2337 412 2380 versus
428 2321 511 2380 ta-tt
524 2339 561 2381 ex
572 2321 650 2381 libro
662 2323 815 2383 Justorum
828 2342 882 2384 sou
894 2325 1083 2397 Carminum,
1097 2329 1151 2408 quui
1163 2326 1216 2390 ad·

137 2407 272 2485 legatru,
295 2405 460 2484 desumpti,
484 2414 534 2466 aut
554 2424 658 2468 versus
672 2409 720 2480 11,
741 2415 771 2469 et
785 2410 929 2473 dimidius
948 2412 1215 2493 venustatisque

138 2493 179 2565 ad
199 2515 207 2554 a
223 2494 260 2552 Ia
272 2492 345 2554 litro
357 2494 521 2565 Iustorum,
533 2513 570 2555 cx
582 2497 698 2558 cantico
710 2498 846 2559 victoriae
854 2502 971 2570 Josuae,
983 2508 1014 2561 et
1022 2500 1142 2580 reliqua
1151 2520 1216 2564 ver·

140 2597 226 2641 suum
240 2580 274 2639 15
291 2587 322 2640 et
339 2579 373 2638 to
387 2596 424 2639 ex
436 2580 517 2643 dicto
536 2581 615 2641 lihro
627 2585 780 2663 Justormn
793 2585 971 2665 deprompta
984 2604 1049 2648 esse
1061 2588 1214 2651 videntur.

139 2664 263 2728 Librum
276 2674 376 2727 autem
393 2670 546 2729 Justorum
559 2670 712 2748 poeticum
723 2670 813 2732 luisse
825 2682 963 2745 censent,
974 2682 1037 2735 tmu
1049 2675 1090 2735 oh
1100 2683 1216 2739 teram

139 2753 323 2833 adlegatmn,
338 2761 400 2813 tum
415 2755 454 2813 oh
472 2757 498 2814 ll
516 2757 592 2834 ch.
616 2755 647 2826 1,
662 2756 711 2827 18,
724 2758 776 2817 ubi
792 2758 889 2820 adhuc
903 2760 1012 2819 citatur
1024 2760 1108 2820 liber
1116 2762 1215 2823 tusto

138 2857 216 2917 rum,
224 2842 315 2901 etuhi
324 2841 421 2904 adhuc
431 2841 470 2903 de
478 2843 597 2917 cantico
605 2859 659 2903 seu
668 2842 707 2903 de
718 2845 801 2923 poesi
811 2846 938 2921 quaestio
949 2853 995 2906 est
1005 2843 1098 2923 (cous.
1106 2866 1137 2909 n.
1146 2847 1214 2927 150)

176 2928 344 2987 Provocant
360 2927 433 2987 dcin
453 2927 484 2987 1ο
500 2928 538 2987 ad
551 2928 621 2988 lud.
637 2928 736 2999 0,10,
752 2929 804 2988 uhi
825 2931 920 2991 stellae
933 2932 1056 3010 poetice
1074 2932 1214 2997 dicmur

136 3029 279 3092 paprrasse
291 3013 427 3073 aduersus
439 3015 572 3074 Sisara-m
586 3034 594 3072 ι
606 3035 623 3082 ‚c
637 3015 683 3076 De
696 3016 771 3076 coelo
787 3018 962 3079 dimicatum
973 3026 1020 3079 est
1032 3027 1140 3081 contra
1151 3037 1213 3095 eus,

139 3117 156 3154 n
168 3097 213 3156 ibi
226 3097 350 3171 dicitur;
369 3100 471 3160 stellae·
482 3109 638 3175 manentes
657 3102 690 3165 in
710 3103 818 3166 ordine
836 3112 867 3165 et
884 3122 972 3167 eursu
987 3121 1042 3166 suo
1059 3105 1204 3181 adversm

140 3202 156 3240 a
169 3184 297 3244 sisaram
308 3194 532 3265 pugnaverunt3
548 3208 564 3242 o

174 3269 206 3329 2⁰
218 3269 268 3330 nd
280 3272 365 3331 Isaiae
378 3272 428 3342 50,
439 3272 476 3331 10
488 3273 541 3332 uhi
552 3274 683 3351 legitur:
696 3296 711 3330 c
725 3276 790 3335 Erit
807 3275 858 3334 lux
877 3277 958 3337 lunae
970 3277 1048 3338 sicut
1058 3278 1113 3338 lux
1124 3279 1213 3351 solis,

140 3374 155 3411 o
171 3363 202 3414 et
214 3355 265 3413 lux
277 3356 349 3415 solis
362 3357 420 3416 erit
432 3358 670 3436 septempliciter
681 3359 759 3420 sicut
772 3360 821 3419 lux
833 3370 951 3441 septem
965 3361 1102 3434 dierum,
1114 3366 1147 3426 in
1163 3364 1214 3427 dio

139 3459 155 3514 a»
171 3457 229 3517 qua
240 3440 411 3523 alligaverit
421 3442 568 3502 Dominus
582 3444 690 3515 vulnus
701 3447 803 3524 populi
817 3449 873 3508 sui.
886 3469 901 3506 n

174 3530 248 3589 Haec
265 3528 417 3589 sententia
435 3545 539 3605 omnes
556 3530 659 3591 allatas
681 3532 870 3597 difficultates
890 3538 1074 3616 praescindit.
1100 3539 1214 3603 Verrem

138 3630 205 3672 cum
225 3632 286 3674 non
304 3620 437 3685 constet,
459 3621 573 3675 tortum
590 3634 616 3677 c.
636 3616 810 3687 10,11-111
829 3638 867 3683 ex
890 3623 969 3684 lihro
983 3625 1141 3691 Justonnn
1160 3643 1213 3688 sou

138 3698 324 3783 Carminmn,
339 3706 389 3769 aut
408 3700 518 3779 partim
535 3719 574 3762 ex
591 3703 660 3773 illo,
676 3712 707 3764 et
722 3707 831 3787 partim
848 3726 885 3770 cx
902 3711 1018 3770 cantico
1037 3712 1214 3792 triumphali

139 3782 328 3865 desumptum
340 3802 416 3855 esse,
431 3786 593 3849 dicendum
607 3797 653 3850 est
664 3789 720 3851 hac
733 3793 765 3852 in
774 3793 945 3874 hypothesi,
958 3797 1042 3856 illum
1056 3800 1106 3875 vel
1116 3817 1156 3860 ex
1166 3798 1213 3861 hia

46 3943 51 3951 .
138 3866 269 3935 tontibus
284 3871 489 3942 descendere,
511 3875 563 3935 vel
579 3876 676 3956 ipsum
695 3877 734 3955 ah
752 3887 875 3942 auctore
902 3881 973 3942 libri
997 3885 1120 3963 poetico
1147 3901 1213 3947 esso

167 3969 291 4027 41111111
301 3977 378 4029 theol.
388 3982 435 4031 art.
444 3980 527 4030 Solell.
536 3981 672 4035 -11111111
683 3986 815 4047 introduct.
826 3988 854 4039 iu
862 3989 891 4039 1..
901 3989 927 4043 S·
939 3991 968 4042 V·
979 3992 1006 4040 1².
1018 3991 1134 4057 Vienna,
1143 3992 1215 4058 10111,

137 4040 390 4111 sessaunico.
402 4054 475 4107 tart
499 4057 584 4109 trono.
596 4059 667 4113 1001.
