2708 4846
160 474 208 526 Μ
553 478 601 526 be
623 477 848 529 hurnehrla

161 577 193 630 et
209 567 303 649 justus
322 567 415 649 judex
433 567 604 629 exhibetur.
627 572 710 631 Inter
726 569 805 633 illios
821 570 895 645 Dei,
916 589 972 634 seu
987 573 1160 646 ministros,
1171 576 1251 651 BQ

159 656 323 724 adstantes,
336 654 421 716 venit
432 655 538 725 Satan,
554 657 606 734 qui
622 657 701 717 mala
715 657 842 718 latentia
857 659 1017 739 perspicit,
1030 659 1133 739 aitque
1145 663 1251 736 aliz

158 742 374 821 interrogatus,
388 742 501 803 Jobum
512 760 573 803 non
586 744 649 803 lore
664 752 724 804 tam
734 747 861 824 justum,
875 748 901 807 sl
914 748 1005 808 rebus
1018 748 1157 809 omnibus
1167 768 1251 832 φη

158 824 297 898 liaretur;
313 843 405 905 quare
415 827 490 899 lob,
504 829 553 889 vir
565 829 760 907 probissimus
773 848 807 891 ac
817 831 1076 911 opulentissimus,
1087 835 1251 912 calethin

157 913 238 975 tibus
256 914 393 974 maximis
413 913 605 993 opprimitur,
633 915 717 994 lepra
740 915 908 995 adfligitur,
932 924 964 977 et
985 918 1078 981 rebus
1098 920 1251 997 omnibu

157 1001 299 1080 spoliatur
312 1017 380 1061 eum
395 1001 427 1059 in
446 998 549 1072 duem,
566 1008 599 1061 ut
617 1001 681 1080 ejus
695 1003 828 1080 probitas
841 1003 1019 1064 innotescat.
1039 1004 1101 1067 lob
1121 1024 1244 1083 summ

156 1088 262 1159 miser,
276 1088 385 1150 sedens
397 1087 430 1146 in
438 1087 645 1165 sterquilinio,
662 1088 812 1148 etmentis
823 1089 914 1166 plone
925 1107 1048 1169 compos
1060 1091 1181 1155 sistitur.

191 1176 347 1237 Tractatus
356 1173 587 1254 comprehendit
596 1190 662 1254 cap.
672 1174 757 1246 blo,
770 1182 801 1235 et
809 1176 936 1237 metrice
948 1184 994 1237 est
1002 1179 1140 1257 scriptus.
1150 1182 1182 1242 lu
1194 1202 1225 1249 er

155 1271 305 1332 narratur,
318 1261 446 1330 Jobum,
460 1260 498 1320 ad
510 1261 710 1320 miserrimum
723 1262 1014 1334 statumrcdactum,
1024 1263 1155 1326 invisum
1164 1284 1219 1331 eus

152 1348 192 1409 ab
205 1348 310 1409 amicis
321 1345 459 1427 Eliphaz‚
473 1345 586 1406 Baldad
600 1353 631 1406 et
646 1344 771 1424 Sophnr.
781 1347 828 1423 3lli
841 1348 929 1409 amici
945 1355 1105 1428 postquam
1117 1360 1214 1433 septen

153 1430 262 1497 diebus
273 1435 490 1513 compatientes
501 1449 569 1492 eum
579 1449 615 1492 co
628 1432 660 1492 in
671 1439 751 1493 terra
762 1434 847 1494 taciti
859 1434 1021 1506 sedissent,
1034 1436 1212 1518 longameur

151 1521 232 1581 Jobo
244 1521 283 1583 de
293 1536 382 1583 causa
391 1518 455 1597 ejus
463 1517 665 1578 calamitatum
676 1520 911 1580 controversiam
923 1527 1044 1594 texunt,
1058 1530 1211 1621 auceps

151 1603 294 1674 tendunt,
311 1601 424 1662 Jobum
439 1600 616 1661 criminibus
630 1600 769 1661 maximis
781 1600 857 1660 iram
873 1602 932 1661 Dei
944 1603 977 1662 in
992 1620 1027 1664 se
1044 1608 1208 1671 accersitae.

150 1691 211 1751 Job
221 1707 295 1752 vero
306 1687 460 1750 maledicit
471 1686 534 1748 diei
545 1687 711 1748 nativitatis
718 1703 795 1759 suae,
808 1704 892 1748 suam
902 1690 1109 1753 innocentiam
1118 1699 1208 1769 tuctu,

149 1775 437 1852 immutabilemque
461 1773 523 1833 suis
543 1772 631 1832 malis
655 1788 774 1834 eausam
802 1774 926 1835 subesse
954 1777 1122 1840 contendit.
1141 1778 1207 1853 Elio,

150 1871 272 1942 quartus
283 1863 396 1924 amicus
405 1860 493 1930 Jobi,
505 1858 607 1920 audita
618 1859 691 1919 Jobi
702 1859 889 1939 aliorumque
903 1864 1125 1937 controversia,
1134 1866 1207 1927 multa

121 1995 124 1999 -
149 1952 244 2013 abiis
262 1950 344 2013 dieta
363 1945 550 2010 aliis'verbis
566 1947 694 2025 repetit,
714 1946 768 2007 sed
784 1947 814 2008 ei
828 1965 889 2009 nou
911 1948 1126 2028 respondetur,
1143 1952 1209 2017 illita

148 2037 300 2098 sententia
310 2033 457 2095 coincidit
465 2049 534 2093 cum
542 2031 596 2092 illa
604 2033 696 2091 trium
705 2033 870 2094 amicorum
878 2034 967 2106 Jobi,
977 2035 1052 2098 lieet
1063 2036 1207 2101 sitmodra·

146 2124 217 2183 tior.
231 2122 307 2184 Cum
320 2121 381 2181 Job
395 2122 492 2179 Deum
508 2118 546 2179 ad
558 2118 801 2196 respondendum
819 2129 1027 2200 provocasset,
1039 2125 1121 2187 Deras
1132 2132 1207 2188 atrr-

146 2209 220 2270 biue
231 2209 378 2288 loquitur,
392 2206 471 2265 Jobo
484 2205 638 2265 silentium
655 2205 799 2284 imponit,
812 2215 902 2286 atquc
916 2225 954 2269 eu
965 2211 1115 2289 stupenda
1125 2230 1206 2277 ratu

146 2295 300 2356 creatione
318 2300 350 2352 et
364 2291 514 2369 regimine
531 2288 618 2367 hujus
631 2291 763 2351 universi
778 2293 924 2366 ostendit,
939 2294 1096 2358 homiuem
1111 2296 1207 2361 inlelli-

145 2396 219 2459 gere
230 2396 291 2439 non
304 2393 391 2457 posse
405 2392 463 2453 qua
475 2376 593 2435 ratione
606 2377 686 2435 Deus
697 2375 754 2437 hoc
767 2379 940 2440 uuiversum
955 2381 1139 2449 condiderit.

181 2467 339 2527 'tractatus
353 2464 411 2524 istc
427 2461 547 2521 sublimi
560 2478 722 2541 ¹expressus
741 2471 787 2524 est
805 2468 906 2544 poesi,
923 2467 1062 2548 nihilque
1075 2471 1109 2534 in
1123 2472 1207 2535 ntra

143 2553 236 2615 sacris
247 2552 277 2611 ei
290 2548 456 2629 comparari
468 2555 567 2627 potest
581 2548 640 2609 nisi
648 2549 761 2627 Moysis
773 2553 891 2612 cantica
901 2552 1013 2631 (Exod.
1026 2556 1086 2630 ta,
1098 2560 1206 2631 Dede,

143 2636 373 2714 choreuma).
383 2636 814 2698 SermonesJobieermnuibus
825 2638 1207 2724 eimamicorumpraestant,

143 2737 176 2789 ct
189 2742 345 2789 sermones
354 2724 412 2785 Dei
425 2723 565 2783 omnibus
571 2723 911 2807 aliispraeoelluntAEliu
922 2744 1078 2792 sennones
1090 2732 1207 2801 adheu-

141 2814 255 2872 tinnem
267 2810 402 2891 sapiunt,
415 2808 469 2869 sed
481 2808 588 2867 miram
600 2814 696 2869 artem
707 2809 848 2888 produnt.
863 2811 1015 2874 Caeterum
1027 2814 1060 2875 in
1072 2814 1207 2881 hoelrao·

140 2907 206 2960 tatu
225 2900 319 2959 varim
338 2897 479 2957 notiones
491 2895 531 2955 do
549 2897 630 2966 Deo,
652 2896 692 2959 de
715 2894 880 2975 religione,
904 2898 944 2960 de
968 2903 1154 2977 moralitate,
1174 2904 1206 2965 do

140 2983 347 3063 physiologia,
361 2981 531 3061 praesertim
546 2981 584 3041 de
599 2980 752 3042 nonnullis
765 2982 960 3056 animalibus,
974 2994 1033 3048 ete.
1047 2994 1205 3051 oecumunl.

138 3070 282 3150 Epilogus
293 3075 453 3130 contentus
465 3069 564 3146 capite
579 3067 702 3138 ultimo,
716 3087 746 3128 v.
761 3068 838 3138 7-l6,
856 3073 994 3150 exponit,
1007 3073 1123 3135 lobum
1133 3074 1206 3137 mle·

138 3156 237 3217 tudini
253 3156 439 3223 restitutum,
454 3153 544 3231 duplo
556 3152 699 3214 ditiorem
713 3170 778 3215 esse
792 3153 916 3225 lactum,
927 3174 1017 3234 quam
1033 3167 1124 3221 autea
1135 3166 1204 3233 erat,

138 3249 170 3302 et
179 3241 277 3303 adhuc
287 3240 399 3300 vixisse
411 3239 464 3299 lto
474 3240 569 3299 anuis.
578 3241 609 3299 S.
619 3240 821 3317 Hieronymus
833 3239 872 3300 de
884 3242 962 3320 stylo
976 3243 1066 3322 hujus
1074 3244 1203 3307 libriailt

138 3351 155 3381 «
166 3330 258 3389 Prosa
268 3327 394 3404 incipit,
410 3342 500 3386 vorsu
512 3325 640 3396 labitur,
657 3326 792 3404 pedestri
803 3344 942 3389 sermone
955 3328 1059 3393 linitur
1074 3331 1124 3395 ’.ι

172 3416 286 3494 scopus
295 3412 367 3472 libri
375 3412 435 3471 Job
445 3412 567 3472 videtur
577 3429 643 3473 esse
654 3412 781 3485 docere,
792 3415 872 3492 quod
883 3433 982 3478 causac
990 3420 1030 3480 ob
1040 3416 1203 3501 quasproltl

136 3501 316 3579 quandoque
328 3514 424 3574 usque
439 3496 478 3557 ad
493 3496 584 3556 linem
595 3498 667 3557 vitae
691 3499 924 3563 adversitatibus
940 3504 1203 3577 conmeantum

135 3582 524 3733 fflffirtifflffisperis
532 3581 679 3658 fruuntur,
687 3585 973 3663 siutinscrutabiles,
982 3589 1065 3669 quod
1073 3589 1202 3675 exenph

395 3800 412 3872 s
425 3802 482 3853 clv.
494 3826 524 3842 -
533 3805 597 3853 lium
606 3805 671 3854 liber
679 3806 725 3853 lob
735 3809 773 3856 cst
782 3806 950 3869 parabolicusl

170 3924 242 3981 aaa.
260 3923 365 3985 Plures
391 3920 578 3984 recentiores
605 3939 675 3983 eum
693 3922 877 3987 Talmudicis
899 3928 954 4004 (da
968 3928 1054 3991 Bobo
1068 3928 1198 4011 Buthro)

133 4009 245 4071 libmm
262 4011 334 4070 lobi
356 4009 563 4090 parabolicum
581 4025 647 4072 esse
672 4011 857 4086 existimant,
870 4012 1021 4101 „idemque
1037 4016 1102 4099 jam
1118 4025 1199 4083 entu-

164 4118 359 4193 llllemapmus,
368 4121 445 4191 Epist.
455 4120 488 4175 ad
495 4120 592 4178 muta·
