2708 4846
131 456 175 509 ’8
543 456 589 506 Dii
608 409 817 508 ntvlhl'rt'rs

177 547 209 610 2⁰
220 550 265 610 De
279 548 432 612 castitate}

177 635 282 696 Sextus
295 621 477 715 ¹Empyricus
487 634 586 712 refert
598 633 724 714 (Hypat.
746 634 767 693 l.
790 634 819 704 5,
839 650 868 695 c.
881 629 947 705 dh),
961 627 1116 687 Zenonem
1128 624 1215 704 flagi·

141 723 248 782 tiosum
260 721 454 783 concubitum
465 739 534 783 cum
545 722 667 801 propria
678 727 773 781 matre
784 720 903 780 licitum
914 715 1038 775 dixisse.

174 804 331 883 Epicurus,
345 811 423 865 teste
433 804 611 884 ,theophilo
625 803 817 863 Antiocheno
829 801 884 877 (ad
896 797 997 861 hutol.
1014 795 1035 855 l.
1051 794 1099 875 2),
1107 794 1216 882 inces-

141 894 204 948 ttun
216 907 284 950 cum
295 888 359 950 filia
370 896 402 951 et
412 897 509 951 matre
522 890 616 950 licere
629 885 799 949 affirmavit.

176 974 365 1046 Theodorus,
393 983 471 1037 teste
496 976 634 1054 Diogene
660 975 783 1034 Laertio
812 973 856 1051 (l.
877 972 913 1042 i,
937 967 1044 1045 599),
1068 966 1216 1028 dicebat:

140 1060 262 1122 «Furto
275 1079 396 1140 quoque
409 1061 601 1122 etedulterio
615 1066 647 1121 et
658 1060 829 1139 sacrilegio,
837 1077 906 1120 crun
917 1055 1131 1135 tempestivum
1145 1055 1215 1126 erit,

140 1145 306 1209 »daturum
324 1165 448 1227 operam
464 1149 641 1228 sapientem.
659 1146 745 1206 Nihil
766 1148 877 1226 quippe
896 1145 1004 1204 horum
1021 1141 1215 1201 inhonestum

140 1252 157 1290 >›
169 1248 235 1294 esse
247 1234 367 1305 natura,
382 1234 409 1294 si
423 1234 574 1294 auferatm
586 1231 625 1292 de
638 1230 724 1293 hisce
736 1232 868 1312 vulgaris
881 1229 995 1310 opinio,
1009 1244 1077 1305 quae
1090 1225 1131 1287 ad
1143 1241 1215 1289 con-

140 1319 311 1381 utinendos
324 1320 431 1382 stultos
444 1319 574 1381 conllata
587 1325 643 1380 est.
658 1340 674 1376 u

174 1405 260 1466 ldem
278 1403 433 1486 Diogenes
450 1406 589 1467 Laertius
609 1405 703 1466 refert
715 1406 753 1483 (l.
767 1406 800 1477 6,
814 1407 831 1481 S
843 1405 894 1477 lh,
908 1404 961 1480 75)
974 1402 1146 1481 Diogenem
1156 1401 1213 1481 Cy·

137 1492 241 1555 uicum
259 1492 420 1556 docuisse:
444 1513 461 1552 a
480 1494 626 1555 Mulieres
646 1511 819 1564 communes
838 1510 904 1554 csse
924 1498 1082 1571 oportere,
1095 1491 1212 1569 nuptias

140 1597 156 1636 u
168 1578 248 1639 nihil
260 1597 326 1642 esse
339 1580 513 1650 arbitratus,
524 1581 578 1640 sed
590 1585 626 1638 ut
638 1579 765 1657 quisque
779 1581 888 1658 cuique
900 1575 1212 1658 persuasisset‚utilla

139 1683 155 1722 u
168 1669 279 1739 coiret,
293 1682 525 1744 communesque
538 1664 654 1726 idcirco
667 1662 744 1726 tilios
757 1664 822 1725 fieri
835 1665 966 1726 volebat.
983 1683 1000 1720 u

174 1753 360 1834 Chrysippus
378 1754 491 1826 tenuit,
511 1753 649 1832 Diogene
670 1753 790 1813 Laertio
810 1759 887 1813 teste
905 1751 941 1829 (l.
955 1752 984 1821 7,
997 1751 1015 1826 5
1028 1750 1099 1825 188)
1113 1769 1121 1810 :
1136 1749 1210 1811 chi·

138 1856 242 1901 necere
265 1842 410 1903 matribus
435 1839 581 1919 congredi
607 1847 639 1901 et
662 1837 791 1901 filiabus.
804 1860 829 1916 ¹u
850 1840 1006 1919 Epictetus
1020 1838 1210 1919 ‚approbavit

137 1924 296 1988 incestum.

173 2014 328 2086 Socrates,
342 2021 421 2075 teste
441 2011 644 2091 Xenophonte
664 2011 921 2088 (Memorabile,
940 2029 966 2072 c.
987 2011 1039 2090 ll)
1060 2010 1209 2091 publicant

137 2099 330 2159 meretricem
345 2096 535 2158 Theodotam
553 2096 653 2158 varias
664 2102 748 2167 artes
764 2098 940 2178 decipiendi
950 2096 1079 2174 juvenes
1093 2097 1207 2158 edocet

173 2183 274 2253 Plato,
294 2190 328 2243 ut
345 2181 508 2245 concordia
526 2182 560 2241 in
580 2182 737 2260 republica
756 2190 912 2263 regnaret,
934 2183 1030 2243 voluit
1049 2198 1208 2244 commonet

137 2286 197 2330 case
215 2269 363 2341 mulieres,
376 2268 420 2327 ita
431 2275 463 2328 at
480 2266 520 2326 ad
532 2266 662 2326 eamdem
674 2268 820 2329 mulcerem
831 2270 918 2330 multi
927 2270 986 2329 viri
997 2268 1154 2346 confluunt.
1167 2271 1208 2329 lta

137 2336 258 2415 divinus
274 2355 328 2415 ine
346 2354 431 2416 arato
447 2352 678 2433 rempublicam
688 2355 777 2430 {suam
789 2356 944 2435 punneum
956 2356 1089 2436 ‚lupanar
1100 2354 1209 2418 conso

138 2440 259 2501 luebat!
864 2498 867 2505 f

173 2526 275 2605 vagos
287 2522 465 2587 concubitus
477 2525 561 2586 Plato
574 2527 690 2606 pariter
701 2527 789 2608 eulpa
800 2544 909 2589 vacare
923 2528 1030 2589 edixit.

173 2612 250 2676 Cato
267 2612 513 2684 fornicationem,
526 2619 561 2674 ut
578 2615 747 2676 remedium
759 2614 903 2678 adversus
914 2615 1079 2688 adulteria,
1093 2614 1209 2679 censuit

137 2698 381 2779 permittendam.

174 2784 223 2844 An
240 2784 275 2844 hi
294 2785 465 2863 gravissimi
484 2786 733 2866 philosophorum
752 2802 870 2847 errores
883 2787 922 2847 ad
933 2786 1053 2847 oculum
1066 2804 1129 2849 non
1140 2804 1208 2871 pro·

138 2867 227 2941 bant,
247 2868 407 2930 humanam
427 2872 576 2931 rationem
594 2872 706 2943 solam,
726 2890 782 2933 seu
801 2873 904 2949 lumen
923 2873 1079 2944 naturale,
1098 2874 1132 2934 in
1152 2872 1208 2935 hoc

140 2953 229 3034 lapsae
247 2961 362 3016 naturae
380 2963 476 3027 statu,
490 2956 605 3018 homini
627 2959 666 3019 ad
685 2959 812 3037 gloriam
829 2960 901 3030 Dei,
916 2966 948 3019 et
965 2976 1069 3020 veram
1080 2960 1207 3022 felicita·

139 3042 392 3122 tem',praesertim
403 3043 709 3114 aetemam,ducendo
722 3046 868 3125 imparem
880 3047 965 3106 esse?
977 3047 1145 3107 Senserunt
1152 3044 1208 3106 hoc

139 3133 284 3205 quotquot
295 3126 425 3188 extitere
436 3129 540 3209 populi
552 3130 694 3209 gentiles,
708 3131 788 3210 apud
801 3147 884 3208 quos,
892 3139 926 3190 ut
937 3129 1078 3193 homines
1086 3129 1209 3192 intrali-

137 3213 228 3274 mites
242 3229 365 3274 suorum
377 3212 545 3275 ciliciorum
558 3215 803 3285 continerentur,
816 3215 1022 3276 revelationes
1034 3217 1128 3277 variae
1140 3233 1209 3278 con·

138 3295 215 3359 fictae
234 3300 371 3370 fuerunt,
386 3317 549 3378 eorumque
565 3301 754 3379 legislatores
765 3301 827 3360 suis
839 3300 959 3379 legibus
970 3302 1131 3363 maximam
1143 3318 1209 3363 auc-

138 3385 291 3446 toritatem
310 3387 516 3458 conciliatum,
536 3387 623 3447 salsas
642 3386 768 3447 deorum
785 3387 991 3450 revelationes
1009 3396 1041 3449 et
1060 3390 1209 3469 colloquia

139 3488 208 3532 cum
218 3470 429 3533 divinitatibus
437 3471 657 3542 confinxenmt,
664 3473 803 3534 uthlinos
810 3490 878 3534 cum
885 3475 1209 3554 Jove,Lycruguscum

139 3556 282 3636 Apolline
294 3557 613 3636 Delphico,Zaleueus
625 3574 694 3618 cum
704 3559 1209 3657 Minerva,NumaPcmpiliuscum

138 3641 277 3724 Nympha
288 3645 430 3722 Egeraea,
445 3650 476 3703 ct
492 3644 643 3704 Sertorius
660 3661 728 3704 cum
742 3661 841 3707 cerva.
856 3666 872 3703 «
885 3647 974 3707 Nulla
993 3663 1080 3725 gens,
1095 3666 1112 3704 u
1124 3647 1168 3707 ait
1178 3647 1207 3707 S.

140 3728 271 3792 Thomas
291 3730 361 3807 (lib.
375 3730 404 3800 b,
419 3731 508 3793 Cont.
522 3730 613 3790 Gent.
628 3748 655 3791 c.
668 3731 702 3806 h)
715 3751 730 3786 a
744 3733 825 3808 quod
837 3734 946 3792 attinet
957 3732 1211 3812 negotiareligio·

141 3816 217 3876 »nis
240 3824 272 3878 et
290 3817 385 3878 cultus
405 3816 518 3886 divini,
532 3824 674 3878 contenta
684 3816 741 3877 tuit
753 3818 910 3898 principiis
922 3820 1103 3880 naturaliter
1113 3819 1207 3889 notis,

70 3966 76 3977 Ι
140 3917 159 3956 u
170 3900 225 3961 sed
237 3919 341 3964 omnes
352 3901 576 3980 requisiverunt
588 3902 800 3975 revelationes,
808 3910 880 3982 puta
892 3905 931 3965 ab
944 3905 1074 3966 oraculis
1087 3913 1119 3966 et
1130 3904 1209 3965 falsis

141 3984 233 4046 asnis
252 3988 380 4050 vatibus.
403 3987 462 4048 llic
479 3988 616 4067 gentium
633 4004 795 4050 consensus
808 3989 914 4051 suadet
925 4009 999 4070 opus
1013 4008 1079 4055 esse
1091 3988 1209 4055 revela-

142 4069 273 4157 atione,
286 4080 317 4137 et
329 4075 479 4159 principia
489 4075 665 4140 naturaliter
675 4084 748 4138 nota
758 4095 819 4139 non
831 4075 977 4141 sulficere.
992 4097 1007 4137 u
