2716 4838
484 428 672 477 ttttttotwnt
686 428 888 479 sacnonunt.
1182 433 1228 481 ula

147 526 227 592 ruat,
240 519 333 580 tubae
345 518 437 579 rudes
449 520 733 598 aeplebeios;na1n
741 539 814 581 nmn
825 521 917 582 rudes
925 520 1073 602 aeplebei
1085 533 1229 585 erentre-

142 605 273 686 golmiu
282 603 834 682 eapnamotamostttcodemrs,
847 606 962 685 loseph
971 607 1010 667 ab
1023 608 1226 683 arimathea,

141 692 263 756 Pudens
275 692 419 761 Senator,
431 691 553 752 ilarius
565 691 829 755 ClemensConsnl
841 693 1010 764 Romanas,
1019 695 1143 773 Sergius
1150 698 1228 758 Pau-

140 778 186 841 lus
193 775 376 847 Proconsul,
389 774 550 837 Cornelius
563 775 710 838 Centurio
718 821 726 846 ,
735 777 970 856 epaphroditus,
978 781 1114 850 limatus,
1124 783 1228 860 plures

140 863 298 925 Asiarchae
308 879 363 922 seu
371 864 454 923 Asiae
466 863 635 942 principes,
647 864 749 941 plures
761 872 916 944 magnates
924 858 968 926 'dc
980 866 1070 926 domo
1082 866 1228 932 Cesarea

139 949 270 1014 silentio
287 949 477 1028 praeterieram
492 964 583 1027 quam
599 950 762 1009 maximum
774 966 934 1010 nnmerum
950 953 1100 1012 nobilium
1114 960 1227 1017 mutro-

139 1053 259 1099 narum.
272 1036 358 1094 luter
369 1034 475 1095 domes
495 1043 695 1096 recensentur
710 1036 1060 1116 pluresnrchisynagogi
1078 1048 1109 1100 et
1120 1044 1228 1103 Sacer-

139 1125 243 1194 dotes,
257 1120 424 1192 Gamattet,
438 1118 563 1192 Paulus,
577 1122 739 1200 Dionysias
751 1120 952 1202 areopagita,
965 1122 1108 1187 Clemens
1119 1130 1227 1189 Roma·

138 1228 209 1279 nm,
232 1207 370 1287 ignatius
402 1214 536 1284 martyr,
560 1206 757 1287 polycarpus,
789 1209 911 1287 Papias,
945 1209 1089 1272 clemens
1117 1212 1227 1285 nien,

138 1295 294 1363 lustinus,
313 1291 541 1370 Athenagoras,
561 1292 770 1371 Hegesippus‚
783 1295 927 1354 Tatianus
938 1336 948 1365 ,
960 1296 1109 1366 trenam,
1128 1296 1229 1359 Tlreo-

137 1381 240 1460 philus
248 1377 474 1445 Antioehenus‚
486 1377 648 1456 Dionysius
658 1377 850 1449 Corinthius,
859 1379 1046 1456 Quadratus,
1058 1382 1226 1455 Aristides,

139 1463 619 1541 ldelito,lliltiades,0rigenes,
633 1472 664 1524 et
676 1466 895 1537 Tertullianus,
908 1466 960 1543 qui
974 1469 1187 1550 omuesprime
1196 1482 1228 1532 et

138 1550 273 1615 worado
286 1549 398 1611 merto
409 1549 556 1608 Ecclesiae
567 1546 659 1609 fidem
672 1550 786 1613 Cbristi
796 1551 928 1629 amplexi
941 1559 1022 1613 sunt.

169 1639 245 1699 lton
256 1648 334 1714 ergo
343 1633 437 1694 rudes
450 1638 489 1694 et'
498 1634 775 1715 plebeiidomtarat
791 1636 830 1696 ab
844 1636 934 1696 initio
946 1634 1062 1698 Christi
1080 1642 1227 1705 miracula

138 1722 354 1793 confiderunt,
366 1716 422 1781 sed
439 1721 499 1780 riri
512 1719 727 1797 missamque
742 1722 855 1791 aetads,
870 1728 902 1780 et
912 1721 1113 1795 conditionis3
1124 1728 1227 1805 pleros

138 1824 212 1871 sarta
227 1807 351 1867 luenmt
369 1804 462 1865 rudes
474 1810 506 1864 et
527 1805 647 1883 plebei,
660 1812 695 1864 ut
705 1804 815 1865 Paulus
827 1803 858 1881 (l
871 1804 941 1866 Cor.
954 1805 987 1873 l,
1008 1806 1063 1882 26)
1082 1814 1226 1885 testatum

138 1896 190 1957 sed
213 1894 247 1955 hi
270 1894 364 1954 etiam
385 1893 573 1954 constituunt
584 1892 745 1971 maxinaam
762 1897 879 1969 partem
894 1888 1050 1952 societatis
1069 1893 1224 1972 numanae,

138 1990 230 2059 atquc
251 1979 416 2040 dociliores
438 1985 507 2038 sunt
524 1994 614 2053 quam
633 1976 788 2054 sapientes
810 1993 846 2036 ac
868 1975 991 2039 divites.
1014 1978 1130 2041 Plinius
1154 1984 1226 2044 lun.
1352 1976 1357 1986 ’

137 2064 251 2128 saeculo
264 2064 364 2143 primo
378 2062 417 2123 de
433 2078 544 2140 magno
561 2078 688 2121 numero
703 2059 942 2121 Christianorum
955 2060 994 2121 ad
1012 2061 1227 2141 imperatorem

138 2152 303 2230 Troianam
313 2148 469 2210 scribebat
481 2166 489 2205 ε
503 2167 519 2202 u
527 2147 601 2208 Visa
613 2154 660 2207 est
668 2146 744 2205 mibi
754 2163 804 2207 res
814 2146 1039 2208 consultatione
1049 2149 1227 2227 dignissima

139 2236 299 2299 ommim
317 2243 443 2314 propter
459 2234 699 2313 periclitantium
720 2250 880 2293 numerum
895 2253 903 2292 ε
918 2234 1005 2295 multi
1026 2236 1111 2295 enim
1128 2242 1227 2302 omnis

139 2322 282 2392 satam,
295 2321 394 2381 omnis
407 2320 541 2391 ordinis,
560 2321 716 2398 utrimque
729 2336 818 2381 seam
835 2319 928 2381 etiam
940 2329 1088 2383 vocantur
1098 2323 1130 2384 in
1142 2329 1226 2406 pori-

138 2408 285 2479 seulum,
309 2414 341 2467 et
361 2406 562 2469 vocabuntur.
587 2408 693 2484 Neque
715 2406 798 2466 enim
817 2423 874 2484 per
896 2408 1050 2480 civitates,
1065 2409 1120 2470 sed
1140 2412 1226 2474 vicos

139 2494 262 2555 amiam
287 2501 378 2570 atque
409 2508 498 2571 agros
522 2493 747 2573 superstitionis
769 2492 858 2554 istim
881 2495 1025 2573 contagio
1060 2507 1224 2576 pervagata

139 2587 214 2641 »est
229 2579 251 2638 ¹.
266 2577 553 2646 »Conbuffib

170 2665 382 2728 Tertullianus
397 2662 508 2722 mento
521 2660 657 2720 sec'nndo
668 2662 701 2719 in
715 2677 769 2719 sna
778 2660 931 2738 Apologia
944 2663 1136 2723 Itoananisae
1146 2669 1226 2729 iles·

138 2752 249 2813 »terni
263 2765 380 2814 sumus,
394 2744 512 2814 aiebat,
527 2751 669 2803 etvestra
681 2745 783 2802 omnia
795 2744 1005 2821 implevimus,
1024 2747 1133 2816 urbes,
1144 2750 1227 2811 insu

136 2836 227 2907 ahs,
248 2831 389 2899 castella,
400 2828 584 2907 mmticipia,
597 2828 817 2899 conciliabula,
829 2834 927 2889 castra
945 2830 1025 2908 ipsa,
1043 2832 1157 2902 tribus,
1171 2835 1227 2895 de-

136 2921 283 2987 scurias,
297 2916 460 2985 Palatium,
475 2916 635 2990 Senamm,
654 2914 752 2973 iorum
766 2913 789 2974 ·.
804 2933 821 2970 »

169 3007 277 3083 Quare
290 3002 496 3077 Hieronymus
507 2998 547 3058 de
561 2998 730 3059 incredulis
747 2996 901 3076 quondam
916 2998 1059 3061 dicebat:
1073 3021 1089 3058 o
1102 3002 1227 3066 Discunt

137 3090 264 3171 rigitur
274 3087 397 3155 Celsos,
409 3083 609 3163 Porphyrius,
630 3083 786 3153 Julianus,
800 3082 901 3143 rabidi
918 3081 1062 3145 adversus
1074 3087 1226 3151 Claristmu

137 3191 274 3245 rennes,
290 3173 409 3234 discant
421 3186 527 3231 eonem
544 3175 724 3240 sectatores,
739 3169 790 3246 qui
807 3174 931 3248 putant,
943 3168 1112 3229 Ecclesiam
1127 3174 1227 3237 nullos

138 3257 381 3343 spbilosopbos,
397 3262 428 3316 et
441 3255 620 3333 eloquentes
631 3254 774 3315 babuisse
787 3254 928 3315 doctores
943 3254 1060 3325 nullos,
1073 3258 1177 3332 manti
1195 3268 1227 3321 ot

137 3344 341 3427 'mlesviri
350 3340 838 3412 eamtnndoverinaextruxorint,
848 3338 1035 3411 olnaverint,
1047 3340 1226 3405 etdesiumt

136 3450 157 3493 r
169 3428 264 3493 fldem
286 3436 419 3490 nostram
430 3428 553 3488 rusticae
572 3433 690 3487 tantum
703 3426 907 3506 simplicitatis
921 3442 1066 3505 arguere,
1082 3443 1226 3506 suamque

136 3516 269 3597 mim
281 3513 465 3593 imperitiam
480 3520 657 3592 agnoscant.
672 3531 690 3567 s

172 3602 300 3670 rucis,
313 3608 394 3661 totus
405 3606 556 3659 terrarum
566 3598 651 3658 orbis
669 3596 1138 3668 etrnsti1niraootacredidit,st
1153 3599 1226 3661 falsa

135 3688 276 3759 firmat,
288 3687 468 3748 multura
474 3685 781 3764 portentosissimum,
788 3686 882 3743 immo
889 3683 1026 3744 absolue
1036 3685 1230 3764 impossibile

134 3774 258 3845 tuest,
279 3774 385 3833 orbem
406 3772 581 3831 universum
601 3787 638 3829 ea
658 3775 691 3828 ut
708 3786 781 3828 uera
804 3767 986 3838 credidisse,
1010 3776 1041 3828 et
1065 3770 1225 3832 dotodecinr

134 3860 304 3945 piscatores
315 3856 484 3936 ignobiles,
496 3856 615 3935 ignotas
627 3872 662 3915 ac
675 3854 849 3914 illitteratos
858 3852 891 3912 id
904 3854 961 3933 ipsi
976 3856 1172 3932 persuasisse,

173 3944 529 4023 flueuavamptrorom
539 3941 666 4001 min'me
679 3941 718 4002 ad
728 3957 793 4000 rem
806 3946 862 3999 est.
875 3940 1000 4000 llorbm
1010 3940 1066 4000 ioit
1077 3943 1223 4005 cerebris

168 4050 364 4103 sumnum
386 4046 871 4112 aptet.at.-2roan.tpotoz.,e.st.
