2708 4846
26 520 35 533 ff
138 465 185 515 aot
539 467 584 514 nn
599 464 811 516 nurunnrm

139 566 217 618 trem
231 557 339 619 Gabeli
350 545 452 619 dicere
464 566 593 638 poterat,
607 559 733 638 eoquod
747 556 886 620 eumdem
898 570 934 617 ac
949 552 1079 616 Gabelus
1093 556 1183 633 patrm

139 661 175 704 ac
187 652 354 705 creatorem
366 644 507 704 habebat.

175 729 325 791 Caeterum
333 730 444 808 angeli,
452 732 503 807 qui
517 731 584 791 aliis
597 731 628 791 in
638 729 738 791 Libris
750 728 842 790 sacris
855 725 1185 789 uomineDerlocuticsse

138 832 174 876 ac
183 816 280 896 egisse
290 818 441 897 leguntur,
450 825 483 877 ut
494 817 641 893 (Genlll,
654 816 777 897 ld),ubi
791 816 914 894 angelus
923 815 1006 876 vices
1016 814 1072 875 Dei
1082 828 1185 893 gerens:

138 904 201 980 qu
215 905 433 973 stt·m,ait,1)cus
443 903 550 973 Bctbet,
558 905 677 964 mentiti
689 903 887 978 esscssrninime
901 901 1108 971 dicmrtur3cur
1117 898 1187 979 igtur

138 988 323 1066 Rapbaclem
333 990 364 1048 in
374 989 523 1049 similibus
532 989 762 1050 circumstantiis
777 987 936 1047 mentitum
947 1001 1014 1046 esse
1024 981 1187 1046 diceremul

137 1073 274 1135 Proiecto
287 1074 338 1150 qui
351 1091 509 1154 personam
520 1074 595 1134 Julii
607 1074 735 1136 Caesaris
745 1081 796 1133 aut
808 1072 932 1150 Pompei
944 1072 976 1131 in
994 1070 1110 1131 theatro
1120 1067 1189 1131 susti·
1235 1114 1237 1123 .

137 1175 230 1229 nens,
243 1176 277 1220 se
289 1161 319 1219 J.
334 1157 484 1221 Caesarem
497 1166 549 1220 aut
559 1159 740 1239 Pompeium
757 1158 846 1229 dicit,
858 1157 984 1218 minime
998 1156 1120 1218 mentiri
1130 1168 1189 1237 pra·

137 1247 272 1307 sumitur.

173 1330 204 1390 6⁰
222 1332 366 1391 Nonnulli
387 1338 502 1392 textum
520 1330 658 1410 Vulgatae
675 1330 771 1391 secuti
788 1329 874 1390 aiunt
907 1328 1036 1388 Tobiam
1048 1324 1061 1405 (
1072 1344 1099 1388 c.
1111 1322 1192 1401 lut)

137 1417 264 1477 futuram
277 1419 395 1477 minam
412 1418 517 1497 templi
535 1415 796 1493 hierosolymitani
812 1431 896 1476 more
908 1414 1087 1494 prophetico
1104 1420 1137 1473 ut
1147 1410 1194 1491 jor

137 1510 289 1582 peractam
302 1502 488 1582 praedixisse.
503 1502 566 1561 Alii
579 1503 677 1571 aiunt,
692 1503 895 1569 innumerum
912 1516 1060 1560 munorum
1070 1499 1139 1561 ritas
1148 1498 1196 1559 'lo-

136 1586 197 1648 biae
213 1588 357 1648 mendum
373 1588 541 1667 irrepsisse.
561 1589 670 1647 Versio
690 1588 821 1664 Vulgata
840 1587 896 1646 ait¹
917 1580 1138 1646 Tobiam'auno
1155 1582 1197 1645 lbi

137 1676 234 1734 aetatis
246 1675 374 1743 obiisse,
387 1683 417 1734 ct
429 1676 507 1733 Lxx
520 1676 704 1752 lnterpretes
716 1673 821 1734 dicunt
833 1690 911 1734 anno
924 1671 992 1743 1383
1002 1672 1087 1749 juxta
1100 1670 1198 1750 Vulgi·

118 1819 123 1831 ,
136 1767 198 1821 tarn
211 1760 340 1840 proinde
354 1759 466 1819 Tullios
479 1759 604 1819 obiisset
615 1758 653 1819 50
671 1777 750 1819 anno
762 1759 885 1819 circiter
897 1765 966 1818 ante
980 1756 1199 1819 destmcdoneu

137 1847 258 1926 templi,
272 1864 338 1923 queo
360 1863 438 1907 anuo
456 1846 488 1905 ll
513 1845 649 1906 Sedeciac
661 1846 758 1924 regis,
774 1852 805 1904 et
822 1862 900 1904 anno
915 1842 989 1904 etit
1000 1844 1041 1904 ab
1054 1842 1128 1905 orbo
1139 1840 1211 1906 con'

137 1931 201 1993 dito
227 1932 371 2010 contigit,
390 1938 421 1991 et
438 1929 523 2008 juxta
542 1932 622 1990 LXX
645 1933 829 2010 Interpretes
847 1936 980 1989 mortuus
1001 1936 1047 1990 est
1065 1929 1199 2008 aliquibus

137 2016 224 2078 annis
237 2026 304 2095 post
317 2018 501 2077 destructum
516 2016 671 2094 templum.
681 2017 737 2075 Ast
750 2016 787 2076 ad
800 2014 866 2075 bace
879 2031 1037 2075 recurrere
1050 2031 1124 2093 opus
1134 2012 1200 2075 baud

138 2112 183 2164 est
190 2124 199 2174 ;
211 2123 280 2164 nam
290 2112 387 2163 textus
400 2119 526 2179 grurus,
537 2103 723 2180 quamprirni
735 2104 838 2162 Patres
849 2100 994 2161 Ecclesiae
1003 2101 1128 2159 maximi
1134 2100 1201 2163 lees-

136 2198 207 2249 runt
233 2191 351 2248 ruinam
369 2188 475 2266 templi
499 2206 561 2246 uon
578 2195 611 2247 ut
629 2188 752 2258 laetam,
771 2187 826 2248 sed
845 2194 878 2247 ut
894 2187 1022 2246 futuram
1034 2186 1120 2265 legit

173 2274 366 2350 requietem
386 2281 482 2333 textus
495 2289 628 2349 graecus,
645 2291 707 2333 non
722 2291 795 2333 vero
816 2274 965 2351 Vulgata,
983 2274 1079 2334 refert
1089 2272 1202 2335 Tollen

134 2358 284 2439 juniorem
299 2360 410 2419 dixisse
426 2378 433 2416 :
450 2379 467 2415 u
478 2361 585 2419 Timeo
598 2378 638 2419 no
650 2361 802 2437 ingressus
814 2362 927 2420 moriar
929 2402 984 2420 .....
995 2362 1137 2438 quoniam
1149 2360 1201 2423 dae·

139 2444 301 2504 amonium
314 2451 393 2503 arnat
409 2460 518 2519 eq1n‚u
540 2450 570 2503 at
591 2444 701 2503 exinde
719 2445 905 2506 solummodo
922 2445 1060 2522 sequitur
1087 2445 1202 2507 rubim

135 2528 284 2607 juniorem
296 2528 377 2608 juxta
389 2528 597 2608 prejudicium
608 2530 690 2608 vulgi
704 2530 870 2592 credidisse
895 2531 1090 2593 Asmodaerun
1099 2539 1202 2613 septem

136 2617 253 2695 priores
260 2617 382 2677 maritos
392 2614 593 2685 occidisse‚eo
603 2616 683 2694 quod
693 2617 758 2695 ipso
769 2619 872 2678 Sarum
879 2618 1040 2678 adamaret.
1048 2620 1105 2680 Ast
1113 2624 1203 2681 auctor

138 2702 208 2762 libri
223 2702 328 2761 Tobiae
342 2700 400 2761 hoc
413 2700 620 2780 praejudicium
633 2701 809 2772 referendo,
823 2704 898 2763 illud
911 2703 994 2763 baud
1003 2703 1158 2783 adprobat.

173 2791 218 2849 Ex
230 2789 360 2866 antiquis
371 2788 512 2866 equidem
522 2789 653 2859 luerunt,
666 2789 716 2866 qui
729 2791 851 2868 angelos
863 2792 928 2851 sire
939 2791 1035 2851 bonos
1047 2792 1205 2854 sivennlos

136 2875 314 2955 corporibus
334 2873 478 2954 praeditos
499 2875 723 2945 existimarunt,
739 2884 770 2933 et
786 2876 857 2935 binc
872 2877 1087 2937 concluserunt
1108 2896 1157 2940 cos
1176 2878 1204 2938 io

136 2960 298 3019 mulierum
315 2974 448 3018 amorem
466 2957 610 3019 exardere
627 2977 714 3038 posse
737 2958 837 3034 (conl.
858 2979 888 3019 n.
906 2960 956 3019 tal
968 2961 996 3036 );
1021 2978 1129 3023 verum
1145 2962 1204 3025 luet

138 3046 242 3125 opinio
258 3045 369 3107 dudum
386 3045 541 3124 neglecta,
555 3052 586 3105 et
600 3046 638 3105 ab
651 3046 794 3106 Ecclesiae
808 3063 897 3106 sensu
912 3047 1012 3107 aliena
1027 3056 1084 3110 ost.
1104 3046 1205 3129 Angeli

124 3141 207 3198 ,sunt
224 3134 291 3210 puri
308 3133 444 3211 spiritos3
467 3150 559 3209 quare
581 3132 756 3194 Asmodaeus
774 3132 877 3193 Sanam
897 3133 1060 3196 carnaliter
1075 3136 1206 3197 adamare

137 3218 330 3299 haudpotuit.
338 3220 408 3296 Egit
420 3220 562 3296 equidem
573 3219 748 3280 Asmodaeus
760 3220 854 3279 relate
863 3219 901 3280 ad
914 3221 994 3281 Sane
1001 3222 1207 3295 montesilice

138 3305 358 3374 interimendo,
372 3312 405 3363 ut
420 3304 684 3380 invidusssanrasius
702 3306 812 3383 egisset
822 3325 830 3376 3
849 3313 879 3365 at
897 3314 1000 3367 auctor
1018 3308 1092 3367 libri
1109 3307 1207 3370 Tobiu

138 3391 231 3452 relert
266 3392 362 3449 Deum
374 3391 407 3451 id
420 3391 548 3469 positive
564 3392 734 3468 permisisse
751 3398 813 3451 tum
826 3393 857 3453 in
870 3409 988 3471 posnam
1007 3392 1118 3457 horum
1128 3394 1208 3457 luxu·

138 3477 284 3537 riosorurn
296 3475 482 3547 maritorum,
494 3484 556 3535 tum
568 3485 602 3536 ut
615 3478 688 3537 Sara
697 3479 874 3557 probissimo
885 3476 998 3557 juniori
1011 3481 1207 3563 Tobiaevirgo

139 3569 366 3625 conservaretur
375 3564 400 3622 *.

174 3644 324 3704 8⁰Fumus
337 3641 437 3715 cordis
462 3640 638 3721 hepatisque
660 3645 751 3723 piscis
773 3645 888 3707 directe
912 3647 945 3707 iu
962 3648 1104 3727 spiritum
1124 3648 1207 3713 istun

121 3812 126 3825 Ι
139 3747 230 3809 agere
239 3748 300 3791 non
312 3729 559 3809 potuerit‚potuit
569 3740 667 3791 tamen
677 3732 837 3804 indirecte,
849 3732 1206 3821 coliibendonempepat·

162 3875 246 3937 'lluqo
256 3876 353 3926 Grotius
363 3875 494 3925 arbitratus
501 3878 547 3933 est.
555 3877 629 3928 istum
639 3878 791 3929 Asmodrrurn
798 3881 861 3930 nibil
869 3881 936 3931 aliud
946 3881 1022 3933 fuisso
1032 3896 1109 3947 quoru
1114 3884 1211 3935 noxln

139 3947 245 4005 eorporis
260 3947 324 3995 Surae
339 3946 506 4005 allectionem,
517 3961 571 4008 quc
582 3961 674 3999 venere
693 3949 801 4011 irritats',
816 3952 912 4012 septem
931 3954 985 4011 clus
1002 3954 1102 4005 moritis
1110 3956 1210 4005 note·

140 4015 309 4075 consuluisset,
320 4018 345 4065 et
352 4030 407 4077 quar
418 4017 515 4065 a'lobia
523 4017 590 4066 turno
599 4017 678 4066 cordis
686 4018 824 4082 jer-,orisque
836 4021 909 4082 piscis
916 4022 999 4071 sanato
1009 4022 1107 4074 luisset.
1116 4024 1150 4075 At
1158 4034 1206 4087 p*

139 4082 257 4149 pendenti
267 4088 349 4151 pater,
363 4087 427 4137 banc
438 4086 580 4149 opinionem
590 4088 656 4139 omni
663 4101 763 4153 prorsus
772 4089 931 4141 fundamento
941 4092 1057 4159 destltui,
1067 4094 1149 4151 menti
1157 4104 1213 4153 m·
