2708 4846
480 471 665 523 ttnnonvtt
684 474 882 528 ettennon.
1180 479 1228 531 stt

175 564 346 646 Epistolem
357 565 418 627 boc
429 567 573 628 idiomate
588 578 740 631 exaratam
752 573 842 634 luisse
855 580 955 653 patett
963 591 1041 636 -ex
1052 571 1226 642 differentia

137 653 285 722 notabili,
309 667 376 730 quse
394 652 477 714 inter
495 654 608 732 stylum
629 655 718 734 hujus
736 658 894 741 Epistolse,
907 660 1078 740 stylumque
1099 662 1226 728 alianum

137 737 343 811 Epistolurum
361 739 501 817 Apostoli
522 741 676 820 reperitur
682 761 692 814 ς
709 776 741 789 -
756 761 795 803 es
812 746 1027 807 convenientia
1063 757 1099 809 ut
1117 751 1226 816 Paulus

139 823 289 885 liebraeus
301 823 340 884 ad
356 825 504 886 llebraeos
521 827 670 888 scriberet
683 830 844 901 hebraice3
862 830 935 892 binc
946 832 990 892 ait
998 830 1201 907 Hieronymus
1214 856 1222 898 ε

137 909 279 971 «Paulus
300 909 423 989 scripsit
439 917 474 970 ut
493 912 643 973 fleuraeus
660 914 800 975 Hebraeis
818 914 963 976 hebraice
983 915 1003 976 ⁸.
1019 937 1035 973 v
1051 950 1083 963 -·
1096 906 1140 980 liv
1152 921 1225 984 cle,-

135 1002 243 1056 mente
253 994 363 1066 Ales,
378 996 585 1069 OEcumenio,
599 998 812 1071 Theodoreto,
829 1008 862 1061 et
871 999 976 1061 miuus
987 1001 1056 1063 aliis
1068 1005 1225 1084 scriptori·

136 1076 197 1141 um
208 1079 437 1140 eeclesiasticis.

172 1166 271 1227 Lucas
279 1172 381 1225 autem
393 1166 541 1227 indivisus
553 1155 642 1228 Pauli
652 1168 684 1227 in
697 1168 899 1230 conversione
913 1169 1083 1232 Gentilium
1096 1188 1224 1255 mutes,

138 1250 192 1329 qui
205 1258 342 1328 tempore
355 1251 529 1328 scriptionis
541 1252 631 1329 bujus
643 1253 785 1331 Epistolse
795 1253 894 1314 adbuc
903 1272 973 1314 cum
982 1257 1130 1336 Apostolo
1141 1264 1224 1323 verl-

136 1335 281 1397 similiter
292 1337 396 1395 llomte
409 1336 482 1406 luit,
497 1339 592 1414 etqui
606 1338 715 1399 eodem
728 1346 865 1419 tempore
881 1340 985 1400 llomae
995 1341 1117 1421 scripsit
1129 1344 1224 1409 Actus

136 1419 353 1500 Apostolorum
365 1420 413 1497 (n.
423 1421 509 1498 lod),
523 1421 601 1484 banc
612 1423 778 1502 Epistolaru
788 1443 842 1504 pro
854 1424 1005 1501 Gentibus
1016 1430 1172 1491 conversis
1184 1446 1223 1494 ex

136 1504 243 1586 lingua
258 1505 385 1573 belrrtea¹
399 1507 431 1566 in
444 1524 576 1586 graecum
592 1507 707 1569 idioma
722 1509 849 1569 vertisse
863 1509 1013 1579 creditur,
1027 1510 1068 1572 ob
1080 1512 1224 1575 similitu·

135 1591 244 1653 dinem
254 1592 368 1670 linguae
380 1608 489 1670 graecae
501 1593 632 1654 Actuum
649 1594 862 1672 Apostolorum
875 1612 945 1654 curu
964 1611 1064 1672 graeea
1080 1599 1223 1661 versione

135 1674 225 1753 hujtvs
233 1674 432 1756 Epistolae.Et
443 1677 570 1755 praecise
581 1675 661 1755 quod
669 1678 768 1739 versio
778 1678 835 1737 ista
845 1678 934 1756 paulo
946 1686 1014 1757 post
1025 1681 1222 1759 scriptionem

135 1759 227 1839 hujus
236 1760 379 1840 Epistolae
388 1760 467 1821 ncta
479 1768 543 1828 est,
559 1760 626 1821 baec
639 1762 735 1821 textui
748 1762 915 1840 originario
928 1762 1109 1840 praevaluit,
1128 1766 1171 1825 ita
1188 1774 1223 1827 ut

135 1845 189 1907 lric
199 1853 270 1927 post
278 1844 401 1923 aliquod
419 1852 537 1926 ternpus
549 1844 726 1926 deperditus
741 1848 791 1906 sit.
806 1847 923 1907 Exinde
937 1856 1039 1907 autem
1053 1848 1135 1925 quod
1148 1851 1223 1929 Epi-

133 1930 366 1995 stoleisthaeeiu
376 1931 647 2011 linguamgraecam
654 1930 868 1992 moxtradueta
877 1933 1224 2010 est,iutelligituretiam

134 2018 361 2079 cureitetioues
370 2016 485 2077 veteris
495 2016 633 2078 Foederis
645 2016 818 2076 versionem
829 2017 908 2076 Lxx
923 2019 1126 2098 interpretum
1136 2019 1222 2083 adle-

134 2109 261 2183 geutur,
274 2110 308 2164 et
316 2102 463 2164 nonnulla
474 2100 722 2163 verbabebraica
731 2101 930 2179 explicentur.

131 2224 153 2293 5
165 2224 345 2276 oexxvm.-
355 2224 455 2276 occasio
465 2226 593 2290 proxima,
603 2226 776 2288 argumentum
786 2226 813 2275 el
822 2238 911 2288 scopus
919 2224 1038 2289 Epistola
1047 2224 1080 2277 ad
1090 2225 1219 2279 liebraeos.

175 2335 248 2393 ⁴⁷8·
256 2333 458 2397 Occasionem
470 2333 723 2413 bancEpistolam
730 2332 874 2395 exarandi
882 2333 975 2394 Paulo
989 2333 1138 2397 dederunt
1149 2352 1222 2417 per·

135 2420 325 2491 secutioues,
339 2437 413 2497 quas
425 2419 527 2507 ludaei
538 2419 573 2479 iu
586 2418 759 2489 Palaestina,
774 2426 807 2480 ct
819 2420 988 2497 pracsertim
1002 2421 1220 2501 Hierosolymis

133 2506 169 2567 iu
191 2505 317 2567 iudaeos
338 2521 501 2566 couversos
526 2505 711 2565 exercebant
732 2506 776 2580 (c.
791 2504 925 2580 lust),
948 2513 1039 2583 atque
1051 2507 1220 2584 periculum

134 2590 309 2669 apostasiae,
330 2589 363 2649 iu
381 2607 441 2666 qtto
463 2588 564 2648 iudai
585 2595 648 2648 tum
663 2589 875 2659 versabantur3
892 2590 1120 2650 insusurrabant
1137 2594 1221 2654 euim

132 2674 450 2757 illispsendoupostoli
478 2672 1219 2752 legaliabloysisetobligatoriaetsalvilicaesse,

135 2769 169 2823 et
187 2761 263 2823 ltine
277 2762 312 2822 iu
328 2768 412 2822 muts
431 2759 647 2839 persecutione
664 2774 728 2818 non
740 2774 807 2818 esse
822 2756 1041 2818 adhaerendum
1053 2759 1220 2838 Evangelio

134 2848 215 2910 licet
224 2848 339 2926 optimo
351 2847 456 2909 salutis
468 2844 581 2905 medio.

172 2930 509 3011 QuareArpumeutum
527 2926 672 3007 Epistolae
684 2926 744 2988 boe
763 2933 830 2987 esta
844 2924 978 2988 inculcat
990 2925 1152 3004 Apostolus
1163 2943 1220 2989 ue-
1325 2948 1329 2955 ·

133 3017 310 3081 mmm
327 3016 416 3089 srdei,
437 3024 469 3078 et
488 3011 809 3095 pseudoapostolorum
826 3019 991 3090 praetextus
1006 3010 1129 3072 relellit.
1143 3014 1220 3077 erm

133 3104 188 3167 isti
195 3102 457 3185 pseudodoctores
467 3102 501 3163 in
513 3099 728 3163 excellentiam
738 3098 817 3178 legis
828 3101 968 3159 mosaicae
978 3096 1155 3174 adlegerent
1165 3116 1221 3161 an·

134 3189 276 3270 getam
290 3187 470 3268 dignitatem
483 3204 519 3248 ae
532 3184 760 3255 excellentiam,
779 3199 906 3261 quorum
918 3178 1089 3240 ministerio
1100 3181 1152 3242 lex
1162 3183 1221 3249 ista

134 3276 215 3341 laeta
232 3280 314 3346 erut,
327 3273 437 3335 Paulis
446 3271 584 3334 Hebraeis
596 3270 752 3333 conversis
769 3269 810 3330 ob
827 3267 931 3329 oculos
940 3264 1028 3338 ponit
1038 3264 1220 3343 dignitatem

135 3378 172 3423 ae
182 3360 397 3423 excellentiam
408 3358 540 3430 Christi,
553 3357 686 3419 auctoris
700 3351 989 3435 promulgatorisque
1000 3349 1096 3410 Novae
1104 3349 1218 3429 Legis,

135 3444 257 3519 infinite
267 3447 460 3525 superiorem
471 3462 537 3505 esse
551 3442 694 3522 dignitati
704 3450 736 3502 et
748 3436 938 3503 excellentie
949 3434 1127 3514 augelorum
1138 3432 1183 3511 (c.
1191 3435 1221 3496 l-

135 3548 166 3595 e.
178 3532 231 3613 2).
250 3533 330 3597 Canu
347 3536 552 3612 praetexerent
571 3527 786 3589 excellentiam
798 3523 929 3603 Moysis,
941 3529 977 3583 ut
989 3521 1083 3600 legati
1096 3519 1218 3594 divini,

135 3618 363 3700 quilegemllei
372 3613 711 3698 promulgarat,l>aulus
720 3610 855 3675 ostendit
881 3607 1096 3670 excellentiam
1104 3605 1221 3670 Christi
1245 3650 1248 3655 -

134 3702 191 3767 tin
202 3704 321 3783 Aloysis
331 3719 399 3765 esse
412 3700 532 3763 infinite
548 3699 694 3778 maiorem
707 3699 751 3775 (e.
764 3696 824 3757 dc.
838 3694 873 3767 t,
887 3692 966 3769 t-s).
979 3690 1057 3755 Cum
1073 3690 1221 3753 obtende·

133 3796 207 3863 rent
217 3790 402 3870 dignitatem
412 3786 577 3851 sacerdotii
588 3784 737 3859 Aarouis,
751 3776 941 3844 tabernaculi
957 3784 989 3838 et
1003 3773 1219 3839 sacrificiorum

134 3876 252 3939 meris
263 3874 416 3946 foederis,
429 3872 591 3951 Apostolus
600 3871 643 3947 (c.
655 3870 689 3939 b,
708 3868 753 3928 lli.
767 3900 799 3913 -
814 3884 843 3928 c.
855 3864 910 3942 ld)
927 3861 1061 3925 ostendit
1071 3878 1217 3925 summum

134 3950 493 4029 moruncurten,
516 3972 608 4035 quem
629 3955 662 4016 in
683 3966 813 4035 persona
827 3944 1057 4015 Melchisedech
1074 3946 1221 4011 describit

164 4082 261 4139 ¹illes.
269 4085 303 4137 ds
313 4085 404 4149 script.
415 4086 507 4135 helea.
518 4080 616 4133 sautu.
