2708 4846
137 463 184 512 5¹18
547 459 591 506 DE
612 457 812 508 abnuentia

138 553 207 614 boni
212 551 352 624 usurarii,
359 558 449 629 atque
458 553 678 629 sequentemin
690 550 824 612 secunda
830 546 969 628 Epistola
977 546 1017 609 ad
1026 545 1206 609 Corinthios:

136 636 328 699 Sit'nmodico
345 635 495 713 molenti
501 633 681 714 perinanis
698 636 752 695 tabi
761 634 880 714 majora
892 631 1020 710 confidet
1030 633 1045 691 1
1055 633 1148 692 Amet
1158 631 1207 693 tto

136 723 237 793 uobis,
259 724 311 801 qut
331 720 427 800 fidelis
450 730 492 783 cst
511 723 543 781 in
561 723 700 791 achimo,
718 723 752 780 io
765 720 896 780 monimo
906 716 1006 796 fidelis
1023 720 1090 779 crit.
1105 719 1207 783 Haeein

136 809 311 889 Evangeliis
334 809 514 889 scriptisque
535 808 751 887 Apostolorum
767 823 803 867 ac
818 805 1088 885 Evangelistarum
1101 823 1162 866 non
1177 805 1208 868 le

179 902 261 955 ntur.

137 911 206 1039 μᾶζ’
218 977 414 1059 Autographa
427 978 588 1040 Librorum
603 993 757 1039 sacrorum
768 976 841 1037 novi
856 974 995 1037 Foederis
1007 973 1154 1038 exhiberi
1162 993 1208 1039 nor

178 1072 272 1127 ssunt.

137 1084 205 1210 po&
219 1153 377 1230 Ignoratur
388 1167 448 1227 quo
459 1147 492 1210 in
503 1150 571 1212 loco
583 1156 615 1211 et
624 1166 684 1228 quo
697 1157 835 1229 tempore
846 1147 897 1209 isti
908 1146 983 1206 libri
993 1147 1107 1226 scripti
1118 1147 1183 1210 siut

172 1239 205 1299 l⁰
219 1240 288 1299 lam
296 1237 461 1314 antiquitus
471 1238 670 1316 Evangelium
679 1238 769 1298 Lucae
777 1234 925 1314 rejectum
934 1233 992 1294 fuit
1006 1232 1210 1297 aCerintltoet

137 1325 336 1404 carpocrate,
352 1322 429 1384 illud
443 1324 571 1384 loannis
586 1324 625 1384 ab
637 1323 759 1402 Alogis,
775 1329 866 1400 atque
879 1321 976 1381 Actus
985 1320 1210 1400 Apostolum,

137 1424 173 1469 ae
185 1410 329 1488 Epistolae
338 1408 471 1468 Paulinae
480 1409 641 1487 reprobata
652 1409 801 1470 luerunta
813 1405 1001 1469 severianis.

175 1496 247 1550 lttttt.
258 1495 343 1572 Resp.
354 1493 384 1552 l⁰
395 1494 500 1553 Patres
512 1493 830 1570 Apostolicoslustino
840 1491 966 1568 martyri
979 1492 1210 1554 anterioresnm

137 1579 198 1640 nisi
218 1579 385 1659 Evangelia
406 1579 579 1658 apocrypha
598 1580 729 1650 citasse,
753 1586 800 1641 est
827 1576 1008 1657 figmentmn
1031 1578 1211 1640 inimicam

138 1665 317 1730 Christiane
325 1665 494 1744 religionis.
508 1665 541 1726 Si
556 1682 624 1743 quae
636 1665 709 1727 hine
721 1665 794 1727 inde
806 1670 969 1725 occurrunt
981 1664 1017 1723 in
1030 1681 1141 1724 eorum
1150 1680 1210 1744 opo

138 1752 237 1824 ribus,
251 1752 284 1811 in
293 1751 467 1830 Evangeliis
477 1751 659 1813 authenticis
664 1752 746 1812 haud
757 1751 960 1832 reperiuntur,
969 1750 1210 1830 perpessorum

138 1846 206 1899 est:
222 1871 254 1887 -
269 1837 371 1898 omnia
382 1837 461 1898 iacta
472 1843 503 1896 et
513 1836 679 1898 dictalesu
689 1837 864 1916 Evangeliis
874 1834 957 1898 haud
967 1853 1037 1897 esse
1047 1837 1174 1908 msam,
1183 1844 1210 1897 11

139 1931 265 1987 testatur
275 1925 410 1984 loannes
422 1921 471 1999 (c.
484 1923 518 1983 bl
528 1922 616 2001 311),
626 1923 681 1984 sed
691 1940 759 2001 quae
772 1923 938 1985 traditione
951 1921 1032 1982 orali
1045 1929 1209 1986 conservata

139 2009 177 2070 ab
186 2009 338 2087 aliquibus
348 2008 488 2071 Patribus
497 2009 585 2070 citari
597 2014 776 2089 potuerunt3
792 2040 824 2052 -
836 2007 1002 2068 nonnullos
1014 2008 1210 2087 Patraequ-

139 2093 238 2172 doque
246 2111 368 2155 sensum
379 2092 532 2154 dumtaxat
540 2091 665 2171 alicujus
677 2093 739 2154 loci
753 2092 862 2153 biblici
872 2090 1034 2171 adlegasse
1046 2111 1055 2152 τ
1067 2093 1211 2154 sicsem

140 2187 236 2241 textus
244 2177 411 2241 Clementis
423 2180 510 2238 Rom.
518 2178 550 2237 in
557 2177 691 2239 secunda
698 2177 833 2256 Epistola
845 2176 883 2237 ad
896 2176 1212 2241 corinthiosiocmest

139 2280 174 2325 ac
186 2263 312 2324 inhisce
321 2264 424 2324 vorbis
435 2262 570 2323 Matthaei
584 2264 628 2339 (c.
645 2263 682 2323 25
693 2309 702 2335 ,
714 2262 769 2340 21)
784 2281 792 2318 :
806 2264 887 2340 Euqe
903 2279 984 2322 serve
996 2263 1104 2324 homst
1113 2258 1211 2341 fideli,

139 2351 209 2428 quie
231 2366 318 2428 super
334 2347 533 2427 percussisti
550 2345 645 2425 fidelis
669 2366 763 2428 supra
783 2347 877 2408 molto
891 2355 918 2408 te
936 2347 1210 2427 conutituostleoni.

138 2434 253 2512 num).
264 2432 325 2495 Sed
337 2433 363 2493 si
370 2434 462 2493 etiam
474 2451 551 2493 unus
560 2433 697 2511 alterque
703 2435 794 2494 Pater
805 2439 921 2493 textum
932 2433 1073 2511 aliquem
1081 2432 1210 2496 annu

138 2521 228 2600 gellis
240 2517 421 2598 apocryphis
431 2517 612 2596 allegasset,
622 2535 696 2579 nrm
703 2518 756 2580 hic
769 2534 854 2580 error
867 2525 947 2582 esset
957 2520 1211 2583 omniomPaum

138 2606 258 2667 tustino
269 2604 395 2683 martyri
403 2603 614 2663 anteriorum?
632 2635 639 2643 ·

174 2690 207 2750 2⁰
221 2691 363 2749 Fatcmur
371 2689 556 2768 autographa
565 2689 779 2769 Apostolorum
790 2698 822 2753 et
832 2690 1103 2771 evangelistarum
1111 2689 1214 2754 tuum

138 2775 281 2856 periisse3
293 2774 348 2835 sed
358 2790 432 2834 utun
440 2774 473 2834 id
484 2775 694 2852 probatlibros
706 2776 775 2837 illos
782 2792 844 2836 non
862 2793 929 2838 esse
940 2783 1103 2839 auctorum
1114 2774 1213 2856 quibus

138 2857 330 2917 tribuunturt
343 2856 423 2915 Num
436 2856 503 2932 quis
519 2856 740 2928 Demostheni,
760 2856 877 2929 Tullio,
899 2859 1052 2933 Horatio,
1070 2858 1118 2920 Fl.
1133 2858 1214 2920 lose-

138 2941 200 3021 pho
213 2982 221 3008 ,
234 2945 312 3010 etc,
331 2955 385 2999 sua
402 2955 495 3017 opera
510 2940 657 3022 abnegat,
677 2958 714 3002 eo
732 2940 813 3020 quod
831 2958 936 3002 eorum
951 2941 1141 3024 autographa
1155 2958 1215 3004 nou

139 3026 268 3105 amplius
279 3024 446 3086 habentur?
458 3028 637 3088 Provocatio
650 3027 824 3089 Deistarum
835 3028 875 3089 ad
887 3030 946 3091 ista
960 3028 1149 3112 autogramn
1154 3045 1217 3091 nou

140 3120 186 3175 cst
196 3113 256 3174 nisi
268 3112 411 3192 effugium
423 3129 527 3174 eorum
536 3112 777 3176 incredulitatis:
790 3115 817 3176 si
830 3114 885 3176 illa
893 3113 994 3177 adhuc
1006 3120 1166 3190 extum,
1174 3113 1216 3178 ‹li-

139 3205 246 3262 cerent
256 3197 323 3279 ipsa
336 3198 429 3260 luisse
440 3198 479 3258 ab
496 3198 565 3259 aliis
578 3196 715 3261 conficta.

175 3284 403 3364 Autographum
413 3282 549 3345 Matthaei
565 3291 702 3363 temporo
715 3284 859 3365 Origenis
877 3293 910 3347 et
921 3284 1111 3370 llieronymi
1126 3286 1215 3353 sore

139 3371 302 3442 existebat,
313 3369 368 3430 sed
381 3368 421 3428 ab
432 3366 676 3430 hebraicantibus
690 3377 876 3451 corruptum,
892 3377 924 3432 et
934 3371 1047 3435 Petrus
1056 3374 1150 3439 Alex.
1161 3380 1216 3436 tet·

137 3465 219 3520 tatrrr
229 3471 283 3518 suo
295 3463 443 3535 tempore,
456 3453 567 3515 saecrrlo
578 3471 689 3534 nempe
699 3463 816 3535 quarto,
828 3456 1053 3537 autographum
1064 3457 1213 3543 Ennpm

138 3542 265 3606 loannis
276 3543 309 3603 in
319 3541 456 3603 Ecclesia
465 3539 619 3621 Ephesina
631 3541 730 3603 adhuc
742 3542 933 3606 adservatum
943 3543 1040 3608 fouisse
1055 3544 1078 3609 ⁸.

174 3630 205 3690 5⁰
216 3631 314 3690 Locus
324 3635 483 3706 ettempus
492 3628 664 3707 scriptionis
671 3630 832 3690 Librorum
840 3647 994 3693 sacrorum
1002 3630 1213 3697 norinorum

137 3727 199 3778 mm
221 3718 302 3778 bene
327 3721 508 3788 noscuntur,
533 3731 624 3792 quam
646 3717 839 3796 cognoscitur
857 3716 912 3777 ubi
929 3724 963 3778 ct
978 3719 1106 3798 qmndo
1123 3720 1211 3789 ntro.

138 3802 333 3873 Aristotcles,
350 3800 541 3879 Xenophon,
555 3800 687 3872 Tullius,
703 3808 762 3863 etc.
774 3845 782 3874 ‚
796 3819 850 3864 sua
861 3819 955 3882 opera
969 3806 1171 3887 scripserunt.
1178 3804 1213 3865 lit
1231 3868 1235 3878 .

138 3894 256 3950 constet
265 3894 367 3949 utrum
377 3887 458 3949 liber
469 3887 578 3966 aliquis
592 3886 633 3949 sit
643 3889 789 3961 auctoris,
802 3887 886 3966 cuius
895 3906 1012 3953 nomen
1023 3909 1136 3972 praesc
1145 3892 1211 3958 lert,

138 3975 403 4051 prolectonccesse
416 3973 497 4035 haud
507 3981 568 4045 est,
581 3980 616 4035 ut
629 3973 741 4037 sciatur
757 3991 817 4055 qua
831 3975 866 4040 in
883 3978 1010 4045 civiate
1027 3986 1062 4046 et
1072 3992 1212 4061 quotum

170 4083 254 4136 ¹Pctr.
266 4089 336 4137 Alex.
347 4088 426 4136 Tract.
438 4086 470 4136 clo
480 4085 596 4137 Panchaia
