2708 4846
137 429 186 479 apt
250 434 257 460 s
592 424 775 473 APPlllelll

137 519 246 583 scribit
256 525 375 580 sanctes
386 517 501 594 palmas
510 517 649 577 manibus
661 517 804 587 terentes,
821 513 1010 577 ettbronum
1020 515 1096 593 agni
1107 516 1219 578 circum

138 604 261 671 dautes,
276 603 366 663 dicte
379 602 578 662 Hebraeorum
590 600 779 662 ceremonias
792 598 923 678 analoga
936 606 995 660 est.
1010 600 1219 675 Septimarere

138 690 190 752 die
212 690 281 749 lesti
299 689 577 749 'sabernaculorum
591 688 691 748 Judaei
712 687 826 766 septies
844 686 940 747 altare
957 685 1177 756 circumibant,
1194 690 1220 751 io

137 777 314 837 memoriam
325 775 557 854 expugnationis
574 773 780 844 Jericbuutis,
800 772 929 850 haecque
942 773 1133 833 caeremonia
1148 776 1221 854 itaq

136 879 206 922 nuru
222 864 361 921 {losanae
373 860 593 939 sepeliebatur.
703 931 712 948 ι

174 949 340 1008 laetissima
353 956 454 1007 autem
464 946 638 1007 solemnitas
657 943 822 1019 buJuslesti
833 941 901 1004 baec
916 949 995 1004 erat.
1010 944 1161 1007 Sacerdos
1171 947 1220 1009 sin

136 1035 218 1111 gulis
236 1035 346 1094 diebus
366 1030 454 1110 lrujm
470 1033 536 1093 testi
554 1049 643 1092 mane
663 1048 735 1093 vase
750 1048 840 1092 aureo
857 1047 968 1108 aquam
988 1049 1029 1092 ex
1052 1032 1136 1095 ionte
1150 1034 1220 1095 Siloi

136 1119 312 1191 hauriebat,
323 1121 502 1182 solemniter
517 1120 548 1179 in
563 1117 710 1199 templum
722 1117 896 1189 deferebat,
911 1125 1009 1196 atque
1032 1119 1067 1180 in
1083 1120 1218 1183 sacrificio

136 1208 285 1267 matutino
301 1208 333 1266 in
346 1225 442 1268 cornu
461 1205 590 1267 amuals
612 1204 716 1266 altaris
731 1204 802 1264 vino
815 1200 940 1264 mixtam
955 1204 1158 1278 cllundebat,
1170 1209 1219 1269 la·

137 1293 209 1354 vitis
217 1292 288 1353 laete
295 1291 543 1358 concinentibus,
558 1298 589 1350 et
599 1286 683 1350 tibiis
693 1288 894 1369 undequaque
904 1289 1134 1352 accinentibus.
1144 1290 1218 1355 ssu

134 1377 217 1455 jrrxta
232 1381 319 1437 ioan.
333 1378 360 1447 7,
374 1377 410 1435 57
418 1422 425 1446 ‚
441 1377 547 1436 ultimo
561 1375 612 1435 die
626 1374 694 1435 lesti
706 1373 985 1435 Tabernaeulorum
1001 1375 1077 1437 lmic
1087 1395 1218 1439 eaeremo-

137 1464 197 1523 uim
213 1465 374 1528 intererat,
388 1471 477 1538 atque
489 1461 691 1520 exclamabat:
706 1458 765 1519 «si
778 1459 845 1537 quis
857 1459 923 1519 sitit
935 1460 1044 1521 veniat
1062 1462 1102 1521 ad
1119 1482 1180 1532 me,
1191 1470 1217 1524 et

138 1565 156 1602 n
166 1547 265 1616 bibat,
281 1567 297 1602 n
308 1546 458 1606 ‹locenssc
469 1560 536 1605 esse
545 1545 635 1605 istum
648 1543 997 1624 lontempereuuem‚de
1007 1562 1070 1623 quo
1080 1548 1216 1627 Propheta

137 1633 296 1693 Zacharias
309 1633 441 1711 loquitur
451 1651 479 1693 e.
495 1632 547 1704 15,
561 1632 588 1691 l.

174 1719 289 1780 Diebus
301 1719 652 1780 testi'labernaculorum
667 1713 907 1790 plurasacrifieia
914 1735 1007 1795 quam
1020 1719 1053 1779 iu
1063 1721 1133 1783 aliis
1145 1720 1216 1787 lam

136 1806 314 1885 praescripta
328 1812 414 1865 erant
424 1806 521 1879 (Num
536 1804 584 1874 99,
597 1803 645 1873 19,
656 1807 728 1880 ete.)
750 1802 851 1865 Judaei
865 1802 1043 1866 oblationes
1052 1804 1176 1879 dabant,
1189 1817 1216 1870 et

137 1890 277 1951 convivia
289 1889 487 1951 celebrabant
498 1892 508 1965 i
519 1893 605 1951 Dent.
620 1889 670 1959 16,
683 1888 799 1967 {tr-ib).
815 1890 906 1949 Anno
922 1896 1028 1951 aulem
1047 1892 1213 1956 sabbatbiro

137 1973 246 2036 diebus
263 1974 352 2049 hujus
364 1973 432 2036 lesti
450 1975 484 2035 iu
496 1975 693 2037 tabernaculo
703 1991 738 2037 ac
755 1973 829 2035 dein
848 1973 883 2033 in
900 1975 1018 2052 templo
1034 1976 1086 2038 lex
1097 1984 1213 2043 mosaica

136 2061 248 2140 populo
261 2061 502 2139 prulegebatur(
514 2062 601 2119 liettl.
615 2060 667 2128 st,
681 2058 799 2120 10-151.

174 2149 246 2201 675.
259 2148 328 2205 tiles
342 2156 464 2207 octavus
478 2147 544 2205 testi
554 2146 815 2207 tabernaculorum
825 2145 1211 2220 solemnitcreelebrmdus,

136 2237 227 2309 atque
239 2240 341 2291 sancte
354 2231 570 2309 sincoperibus
579 2231 742 2293 servilibus
750 2230 1045 2309 transigenduserat.
1055 2234 1214 2297 Vocabatur

135 2314 202 2376 brec
217 2316 284 2375 dies
295 2314 439 2376 hebraice
451 2319 587 2387 Hazeret,
599 2335 667 2392 quae
681 2336 738 2378 vox
751 2316 842 2379 finem
848 2316 1054 2380 solemnitatis
1064 2320 1212 2397 significat.

136 2399 274 2477 Vulgatae
288 2406 392 2458 auctor
404 2416 471 2459 eam
491 2407 578 2460 vocat
589 2405 698 2463 Cortum
714 2413 805 2481 atque
819 2401 979 2467 Culleolum
991 2406 1086 2480 (lev.
1095 2408 1145 2481 25,
1157 2406 1211 2485 tt).

134 2486 315 2546 Existimant
327 2485 380 2545 alii
400 2485 460 2546 boc
479 2484 531 2545 die
555 2486 763 2565 eleemosynas
784 2488 929 2553 collectas
945 2492 1057 2565 luisse,
1079 2496 1132 2557 alii
1148 2512 1212 2558 vero

135 2570 264 2634 collecta
283 2571 375 2633 luisse
388 2588 454 2648 quae
467 2570 505 2632 ad
517 2588 664 2650 expensas
675 2573 773 2635 cultus
792 2573 892 2635 divim
903 2580 1082 2641 necessaria
1093 2587 1183 2643 amnt

326 2705 341 2773 s
357 2707 442 2755 xxxi.
454 2731 484 2743 -
495 2708 531 2755 De
542 2706 606 2756 testo
616 2708 769 2769 expiationis
776 2722 823 2761 eeu
834 2712 1031 2775 Propillallenis.

172 2823 245 2879 ert.
257 2822 378 2882 Festum
394 2820 453 2880 boe
468 2820 636 2880 institutum
655 2823 711 2882 luit
732 2823 764 2881 in
780 2824 987 2902 expiationem
1007 2836 1213 2907 peccatoram,

134 2908 403 2971 irreverendorum
421 2923 456 2967 ac
474 2907 746 2980 immunditiarum,
764 2925 782 2969 a
803 2917 866 2971 toto
888 2914 1004 2994 populo
1024 2915 1150 2979 hebraeo
1166 2934 1214 2999 per

134 2993 207 3054 anni
222 2993 381 3052 decursum
393 2992 628 3053 commimomm.

172 3076 391 3145 Celebrabatur
404 3077 522 3137 decima
545 3077 596 3138 die
615 3081 725 3142 mensis
744 3082 827 3143 Tisri
849 3099 906 3143 seu
923 3084 1067 3159 Tischri,
1089 3089 1214 3167 quierat

134 3163 247 3224 mensis
255 3164 399 3242 septimus
408 3163 478 3222 anni
488 3164 566 3224 sacri
575 3164 947 3244 ludaeorumlligorosum
955 3171 1015 3231 boc
1027 3174 1106 3235 leste
1119 3174 1214 3235 obser·

134 3250 263 3312 sabatur
282 3248 446 3326 jejunium,
463 3250 518 3309 sub
537 3251 643 3311 mortis
655 3270 744 3330 poerm
757 3253 942 3330 injunctum,
956 3264 1051 3335 atque
1065 3278 1083 3319 a
1098 3276 1212 3340 vespera

133 3353 229 3423 usque
249 3336 287 3397 ad
309 3353 466 3414 vesperem
493 3336 596 3396 cibum
616 3355 835 3418 quemcumque
859 3342 1024 3405 ermetem
1049 3346 1136 3409 usias
1157 3355 1212 3408 erat

135 3421 226 3499 (ber.
251 3420 434 3584 teg-29).
455 3422 557 3503 Opera
579 3424 703 3485 servilia
725 3427 781 3487 sub
810 3427 918 3506 eapitis
940 3448 1036 3509 poeua
1058 3432 1212 3495 interdieta

134 3517 230 3570 erant.
244 3507 310 3583 (lbi
334 3551 342 3566 .

170 3595 307 3654 Summus
320 3593 460 3653 sacerdos
473 3610 594 3654 omnem
606 3593 759 3675 liturgiam
772 3596 948 3676 peragebat.
962 3599 1061 3663 Lotus
1077 3610 1142 3665 toto
1152 3619 1212 3666 cer·

132 3696 224 3763 pore,
238 3680 432 3740 femoralibus
446 3688 476 3741 et
490 3682 591 3741 tunica
604 3682 673 3742 alba
688 3683 810 3762 byssina
828 3684 968 3757 indutus,
987 3689 1111 3752 einoeus
1123 3692 1210 3761 seua,

30 3788 33 3794 ·
133 3773 166 3827 ct
176 3766 264 3828 solita
278 3768 365 3827 mitra
377 3768 556 3828 sacerdotali
572 3780 708 3838 ornatus,
720 3769 884 3847 juvencum
900 3790 956 3851 pro
968 3775 1035 3838 suis
1050 3786 1082 3839 ct
1099 3778 1211 3839 nuile

131 3853 283 3931 peccatis,
295 3860 384 3929 atque
394 3853 468 3913 diros
477 3855 578 3915 birros
587 3871 642 3935 pro
652 3856 784 3934 peccatis
797 3857 900 3937 populi
915 3858 954 3920 ad
964 3861 1064 3924 altare
1074 3864 1210 3932 ducebat;

131 3945 213 3999 sorte
227 3947 326 3998 autem
342 3939 530 4018 praefiniebat
542 3943 610 4020 quis
621 3941 775 4004 bireomm
786 3944 1099 4022 Deosaerifieandus,
1114 3950 1212 4029 etquis

132 4020 167 4082 in
180 4021 332 4084 desertum
341 4025 422 4090 liber
432 4026 630 4091 dimittendus
643 4035 723 4091 essct
734 4030 824 4109 (Lev.
837 4029 899 4107 16).
