2716 4838
552 427 596 475 DE
616 427 827 478 attestant„
1179 429 1226 480 ⁴57

149 512 258 576 Meron
271 512 321 576 nel
334 516 517 590 semechon,
531 535 621 597 wem
637 523 724 598 aquis
736 521 878 601 complet.
892 520 988 583 bactu
995 523 1104 582 bleron
1113 521 1228 582 velse-
1334 534 1335 537 ’

146 601 278 662 mechom
291 604 446 683 sexaginta
459 605 555 666 stadia
572 607 772 686 longitudinis
784 615 815 668 et
833 607 957 687 triginta
969 607 1139 669 latitudinis
1151 624 1227 669 con·

145 686 367 832 geinedu'ffl
378 689 424 748 Fl.
437 692 602 771 losephum
612 692 738 772 paludes
749 692 837 772 hujus
849 693 932 754 lacus
943 699 1226 774 procuri-mamque

183 790 335 919 fordanes
347 876 364 920 e
377 860 446 920 lacu
457 861 563 922 Meron
579 878 731 942 egressus,
745 870 777 924 et
789 881 842 924 sert
852 863 977 925 circiter
991 863 1088 925 leucis
1101 861 1227 924 conlee·

143 941 196 1012 tis,
210 941 324 1003 labitur
335 961 391 1024 per
403 946 501 1006 lucum
514 947 713 1008 Genesareth.

180 1025 254 1080 tlttt.
274 1025 369 1088 Lacus
387 1027 438 1087 hic
471 1029 563 1088 etiam
590 1037 716 1090 vocatur
734 1029 818 1091 lacos
844 1028 1013 1098 Consumtis,
1037 1029 1165 1090 Genesar
1184 1026 1251 1104 (l.

141 1094 243 1157 blaeb.
263 1097 313 1167 ll,
334 1099 401 1176 67),
422 1104 508 1160 More
525 1101 787 1177 Goldeoeildatth
812 1104 847 1173 lt,
860 1102 1083 1179 l8)aGalilaea
1095 1100 1224 1180 regione

141 1177 260 1248 vicina,
274 1187 306 1239 et
317 1182 403 1241 llere
419 1184 579 1244 Tiberiadis
590 1184 629 1244 ab
639 1184 717 1245 urbe
729 1184 913 1254 Tiberiade,
923 1201 991 1261 quaa
1002 1183 1135 1261 primum
1147 1183 1222 1245 Cen·

139 1259 241 1318 mett
252 1261 302 1320 vel
315 1263 467 1333 ementi,
480 1272 584 1344 postea
599 1267 725 1326 Genestu
735 1273 787 1347 aut
800 1263 988 1333 Geneaoretlt',
997 1273 1088 1341 atque
1098 1261 1223 1323 taudem

139 1344 180 1405 ab
200 1347 323 1408 Herode
336 1349 502 1410 Tetrarclm
517 1351 658 1429 ampliata
673 1352 707 1412 iu
726 1350 875 1413 honorem
890 1348 1084 1430 imperatorie
1100 1346 1221 1409 Tiberii

89 1472 92 1478 .
143 1430 274 1492 Tiberias
292 1443 462 1514 nuncupata
474 1436 538 1495 iuit.

176 1517 237 1578 llic
249 1518 332 1579 lacus
340 1521 424 1598 juxta
432 1521 477 1580 ΓΙ.
490 1521 655 1601 losephum
666 1529 794 1599 quatuor
805 1522 929 1583 circiter
938 1521 1040 1583 leucas
1052 1535 1121 1583 eum
1131 1515 1219 1580 dimi·

139 1602 191 1663 dia
208 1602 422 1681 longitudinis,
441 1613 473 1664 et
485 1606 558 1667 duas
575 1607 744 1668 latitudinis
757 1607 859 1667 habet.
881 1609 969 1683 Aqua
980 1606 1045 1683 ejus
1061 1611 1107 1665 est
1121 1602 1217 1675 clara,

139 1688 253 1759 dulcis,
268 1696 299 1749 et
310 1707 448 1768 magnam
462 1691 580 1769 copiam
592 1692 718 1768 piscium
735 1693 799 1751 alit.
813 1693 897 1751 lllius
908 1692 1009 1751 littora
1030 1698 1098 1751 sunt
1120 1688 1218 1750 obsita

138 1773 269 1834 eollibos
282 1782 313 1833 et
322 1776 474 1835 montibus
483 1776 642 1854 frugiferis,
657 1783 746 1852 atque
757 1776 882 1835 amoenis
894 1775 1024 1854 oppidis,
1038 1772 1217 1851 capharnao

136 1875 266 1936 nempe,
281 1859 453 1928 corozaim,
474 1859 611 1928 Juliade,
631 1860 759 1928 Gerasa,
773 1859 907 1928 Gadara,
929 1857 1106 1926 Bethsaida,
1124 1855 1218 1916 Tibe·

137 1945 243 2013 riade,
258 1946 423 2014 'sarichea,
439 1956 498 2007 etc.
511 1946 659 2025 Discipuli
671 1948 746 2006 ,lesu
760 1946 793 2005 in
810 1945 868 2006 hoc
880 1944 948 2007 lacu
962 1942 1047 2021 jussu
1057 1941 1155 2003 divini
1169 1939 1216 2003 sui

136 2031 274 2109 magistri
286 2034 363 2092 retia
376 2033 527 2102 laxantes,
541 2040 651 2092 tantam
666 2038 814 2110 ceperunt
830 2031 958 2111 piscium
975 2027 1215 2096 multitudinem,

137 2123 171 2175 ut
181 2117 257 2176 retia
270 2117 527 2195 disrumperentur
538 2116 629 2192 (Luc.
644 2117 692 2191 d),
702 2117 747 2176 lhi
763 2116 899 2180 Christus
911 2111 1215 2193 tempestatem,ipso

137 2201 309 2262 dormiente
323 2212 473 2272 exorem,
487 2203 606 2263 sedavit
619 2202 745 2278 (blatth.
758 2201 805 2275 8).
818 2203 907 2263 lesus
919 2216 1010 2279 super
1021 2214 1112 2275 aquas
1125 2194 1215 2274 huius

136 2288 220 2349 lacus
229 2289 518 2367 ambulavitfflatth,
532 2291 630 2369 ll),et
640 2292 747 2352 Petrus
758 2289 796 2351 ad
802 2289 917 2369 jussum
927 2285 1215 2366 Christisupereum

136 2375 283 2437 incedens
295 2378 448 2457 submergi
459 2379 550 2458 eoepit
560 2377 672 2453 (ibid).

174 2463 323 2523 lordanes
335 2465 430 2525 elacu
442 2464 631 2526 Genesnreth
642 2482 796 2543 egressus,
807 2470 838 2524 et
847 2462 970 2525 theate
978 2459 1106 2540 pedihus
1116 2457 1212 2526 ntus,

137 2563 172 2606 ac
182 2555 297 2623 septem
311 2549 489 2624 pmlundus,
501 2549 784 2609 i¹eriisantractibus
793 2546 984 2626 protenditur
993 2544 1025 2605 in
1038 2543 1212 2622 regionem,

137 2647 204 2708 quoe
219 2630 334 2706 abipso
349 2632 490 2692 Jordanis
503 2634 588 2708 regio
606 2633 727 2692 dicitur.
742 2634 770 2691 A
783 2632 910 2691 dimidio
922 2629 1052 2707 Aprilis,
1065 2645 1120 2689 seu
1135 2635 1214 2688 tem·

136 2731 213 2792 pore
225 2715 329 2773 messis
342 2714 616 2786 Palaestinensium,
633 2716 782 2775 Jordanes
795 2715 982 2782 intumescit,
1000 2713 1150 2788 solitoque
1166 2727 1213 2771 ra·

136 2797 240 2875 pidius
252 2799 360 2864 lentur,
374 2815 411 2858 eo
428 2799 510 2877 quod
522 2800 609 2859 nives
624 2807 779 2878 perpetuae
798 2797 986 2864 Antilibani,
1007 2795 1116 2872 quibus
1127 2810 1212 2855 suam
1262 2860 1265 2866 ⁴

137 2879 287 2957 originem
309 2879 420 2948 dehet,
439 2888 503 2940 tmn
527 2881 627 2941 calore
654 2880 726 2941 solis
742 2874 908 2938 solvuntur.
921 2875 1059 2937 Tandem
1075 2873 1115 2936 ab
1135 2871 1212 2934 urbe

136 2963 282 3026 Caesaraea
294 2965 425 3044 Philippi
438 2966 652 3044 quinquaginta
665 2965 788 3026 circiter
804 2963 905 3024 leucas
920 2979 1071 3034 emensum,
1083 2959 1116 3021 iu
1126 2975 1211 3021 mare

136 3051 303 3120 Mortuum,
316 3067 371 3111 seo
383 3051 481 3113 lacum
492 3051 702 3131 asphaltidem
720 3051 845 3129 proruit.

331 3184 418 3257 still.
430 3191 535 3240 -llare
552 3191 684 3252 llortuum,
702 3203 747 3240 seu
761 3190 829 3239 lacus
846 3187 1009 3250 asphaltites.

173 3312 243 3366 dee.
257 3312 341 3370 blare
357 3311 415 3372 boc
436 3319 562 3372 vocatur
575 3327 659 3373 mare
671 3313 822 3372 llortuum
839 3309 910 3388 qttla
929 3309 1009 3369 nihil
1020 3307 1123 3368 vivum
1142 3306 1207 3367 alit.

136 3395 316 3475 Adpellatur
332 3403 413 3456 andra
426 3398 573 3459 Orientale
589 3398 630 3459 oh
644 3395 710 3474 eius
727 3396 949 3476 oppositionem
969 3393 1008 3455 ad
1021 3408 1104 3453 mare
1117 3391 1209 3453 Occi·

134 3481 257 3543 dentale
270 3500 324 3542 seu
341 3499 424 3543 mare
438 3482 709 3544 Mediterraneum,
726 3481 846 3543 Dicitur
861 3497 943 3540 mere
962 3478 1069 3540 desedi
1085 3486 1117 3539 et
1140 3475 1209 3555 plo·

133 3568 218 3628 nete
227 3585 244 3627 a
254 3567 375 3627 deserto
389 3577 420 3627 et
432 3569 558 3647 planitie
571 3586 638 3646 que
650 3566 770 3629 suntad
786 3566 977 3628 occidentem
991 3564 1072 3627 etad
1084 3570 1208 3644 septen·

133 3654 275 3714 trionem.
307 3653 463 3712 vocitatur
483 3670 566 3712 mere
588 3653 702 3714 siddim
732 3660 763 3713 et
791 3668 872 3710 more
893 3651 1039 3720 Sedomte,
1063 3666 1100 3711 eo
1126 3646 1208 3726 quod

136 3735 1208 3817 oocupatvallemsilvestrem,inquasitteeraotamoenaecivitatesl'eu-

136 3824 284 3904 tapoleos,
298 3824 427 3885 Sodoma
440 3841 565 3904 nempe,
576 3824 759 3894 Gomorrha,
772 3823 903 3893 lldanm,
917 3823 1043 3884 Sehoim
1056 3830 1088 3903 et
1098 3824 1205 3903 segor·

134 3910 273 3975 Tandem
290 3916 479 3987 nuncupatur
494 3926 575 3969 more
586 3907 717 3979 Scitum
730 3926 811 3969 attere
821 3907 917 3980 Selia,
930 3916 963 3970 et
983 3907 1064 3972 lecte
1083 3907 1206 3990 Asphal-
1235 3926 1238 3931 ’

167 4037 179 4076 ¹
190 4040 226 4089 Fi.
235 4040 334 4104 ioseph.
344 4039 375 4090 de
386 4040 448 4088 licll.
456 4037 513 4090 iud.
524 4037 636 4104 llh.h,t.
646 4040 671 4092 l.
682 4060 713 4079 -
721 4034 736 4075 ⁸
744 4039 781 4089 rt.
791 4040 841 4089 loe.
851 4039 900 4090 let.
910 4039 956 4091 eil.

612 4312 626 4345 O
