2708 4846
466 476 653 525 nlononun
668 476 870 528 SACBORUM.
1159 482 1203 530 100

130 590 152 621 n
162 588 245 635 nem,
259 559 387 638 ,rocetos
403 562 462 622 Dei
474 563 583 622 seium
602 570 628 623 te
643 564 778 624 mediam.
796 567 965 645 Interrogat
983 565 1056 626 dein
1076 567 1203 628 alterum

126 648 278 724 judicem,
293 644 346 723 qui
362 647 525 725 respondet
540 665 574 709 se
590 649 757 710 Susannam
768 650 897 722 vidisse,
909 660 1047 728 inopom,
1061 653 1204 732 saohpniro

129 733 239 810 (ilice);
262 748 356 809 quare
377 732 409 792 in
426 749 495 792 eum
517 734 576 793 fert
597 733 676 795 hanc
698 737 900 796 sententiam:
917 747 1204 816 tmehemxopwm

128 848 304 895 puppemque
316 829 561 895 Ιναπρισαισιμσον,
584 819 710 897 Alidem
731 822 853 880 Domini
876 823 1008 902 pladittm
1028 826 1150 897 buddam
1173 836 1206 888 ul

127 906 380 967 matroneum.
390 906 521 986 Populus
528 905 666 967 Danielis
675 904 832 968 confirmat
842 912 1034 984 sententiam,
1046 920 1077 975 et
1085 913 1206 993 iniquos

123 992 246 1071 judices
255 993 325 1072 jane
337 992 457 1053 talionis
468 993 627 1052 interimit.

164 1079 321 1141 Adversus
336 1080 414 1141 hanc
425 1080 582 1141 historiam
595 1080 755 1159 objicitur:

126 1167 237 1312 ιη878.
267 1165 299 1225 l⁰
320 1166 447 1241 iudaeos
471 1166 606 1246 captivos
639 1166 797 1246 Babylone
829 1170 971 1248 proprios
995 1171 1115 1250 judices
1142 1192 1205 1238 non

165 1252 280 1312 huisse.

164 1339 281 1398 Verum
304 1335 581 1398 Nabuchodonosor
590 1333 600 1408 ,’
622 1338 674 1415 qui
700 1338 881 1398 Jechoniam
903 1357 1010 1420 regem
1031 1343 1120 1404 Judae
1136 1362 1206 1406 cum

128 1422 234 1494 l0,000
245 1422 466 1501 praecipuorum
477 1421 653 1482 Judaeorum
665 1422 853 1501 Babylonem
869 1425 1050 1499 abduxerat,
1065 1430 1207 1493 lsraelitis

126 1510 311 1589 pauperibus
320 1516 384 1568 nnn
397 1509 428 1567 in
437 1509 596 1570 Palaestina
608 1511 800 1571 manentibus
809 1512 964 1590 proprium
976 1532 1096 1594 regem,
1110 1518 1207 1579 Sede-

125 1595 205 1657 eiam
218 1611 340 1673 nempe,
354 1593 489 1666 dederat,
503 1612 576 1655 num
586 1595 734 1657 divitibus
749 1596 891 1658 Hebraeis
901 1599 1057 1677 Babylone
1068 1604 1207 1683 proprios

125 1698 197 1743 suos
206 1679 326 1758 judiees
340 1697 401 1740 non
415 1680 609 1758 reliquisset?

164 1769 237 1822 ³79.
252 1765 283 1824 2⁰
299 1765 454 1826 iudicium
472 1766 615 1838 susannae
633 1766 839 1837 tumultuarie,
855 1769 1091 1847 praecipitanter,
1107 1780 1139 1833 et
1153 1772 1207 1833 illa

125 1870 189 1914 non
202 1853 314 1925 audita,
334 1853 374 1914 ob
391 1853 601 1913 testimonium
619 1853 748 1914 duomm
757 1871 874 1925 sennan,
892 1856 1208 1939 quitestesetjudieeo

126 1948 224 2010 eram,
239 1947 409 2019 peractmn,
424 1939 489 2019 ejus
501 1938 663 1999 falsitatem
676 1939 785 2017 arguit.

161 2030 220 2087 Ast
226 2031 300 2103 quot
308 2024 422 2105 judicia
433 2024 626 2085 tumultuarie
639 2031 670 2085 et
678 2025 906 2104 praecipitanter
914 2034 1037 2105 peracta
1047 2045 1109 2089 non
1121 2035 1207 2092 sunt?

124 2112 225 2173 Etiam
238 2114 385 2175 innocens
402 2109 522 2171 Naboth
540 2110 603 2185 (lll
621 2112 698 2188 Beg.
715 2110 771 2185 il)
791 2110 832 2171 ob
856 2113 1063 2173 testimonimn
1080 2115 1207 2177 duomm

123 2199 267 2261 falsorum
284 2198 408 2260 testimo
422 2197 521 2274 eapite
535 2196 691 2257 damnatus
706 2197 773 2257 luit.
786 2198 865 2257 Nmn
879 2216 952 2261 vero
970 2201 1105 2262 Susanna
1120 2202 1207 2265 inan·

124 2284 190 2345 dita
203 2283 401 2345 condemnata
409 2282 516 2353 tuerit,
528 2283 568 2343 oh
581 2281 777 2354 brevitatem,
788 2300 846 2360 qua
857 2284 981 2346 historia
990 2284 1096 2348 isthaec
1105 2305 1207 2349 narra-

123 2380 189 2443 tur,
204 2368 325 2432 deliniri
339 2370 456 2446 nequit.
467 2370 601 2429 Susanna
613 2376 705 2431 testes
716 2386 778 2430 suas
791 2372 975 2433 innocentiae
984 2390 1046 2433 non
1056 2372 1217 2447 habehat,'

122 2459 218 2519 immo
235 2456 419 2536 adparenter
432 2473 485 2516 rea
500 2455 679 2517 videbatur:
698 2488 729 2499 -
746 2457 818 2535 quia
834 2457 1035 2519 adcusabatur
1054 2476 1072 2520 a
1090 2461 1207 2525 duobus

122 2546 265 2615 senibus,
289 2560 384 2621 qnos,
404 2542 505 2602 ludaei
523 2559 592 2602 snos
612 2541 730 2618 judicas
753 2545 987 2616 constituerant,
1006 2554 1038 2605 et
1051 2548 1103 2624 qui
1117 2551 1206 2626 prohi

122 2630 325 2693 habebantur.
345 2629 386 2689 ili
406 2627 525 2706 judices
543 2626 742 2688 adfirmabant
765 2645 799 2687 se
815 2630 920 2689 ambos
941 2646 1008 2689 cam
1026 2632 1139 2693 vidisse
1173 2637 1206 2694 in

122 2718 286 2779 adulterio.
312 2716 402 2794 Quod
426 2716 484 2795 ipsi
506 2715 546 2774 ob
569 2714 677 2774 frustra
705 2713 899 2773 sollicitatum
923 2716 1104 2776 adulterium
1128 2720 1206 2781 hanc

124 2802 305 2864 eelmnism
316 2800 527 2869 adomassent‚
537 2799 653 2859 nemini
667 2799 700 2858 in
710 2806 845 2858 montem
859 2799 959 2867 venit,
972 2817 1009 2859 eo
1021 2803 1117 2879 magis
1124 2806 1207 2881 quod

124 2890 300 2962 dunarum,
314 2897 345 2949 et
357 2887 439 2966 quod
448 2887 501 2965 qui
514 2886 684 2963 hujusmodi
694 2887 811 2946 crimen
822 2884 986 2945 meditatur
994 2892 1103 2946 testem
1111 2888 1207 2950 addu-

123 2992 198 3039 cere
220 2992 282 3037 non
300 2976 392 3046 solet;
409 3006 440 3019 -
455 2975 525 3052 quia
548 2975 682 3033 Susanna
707 2971 862 3032 dimiserat
884 2990 951 3033 suas
974 2974 1113 3048 ancillas,
1138 2976 1206 3039 loco

124 3076 230 3122 earum
241 3078 299 3141 ope
315 3059 470 3137 inhalne'o
483 3058 605 3127 utendi;
618 3056 744 3117 -servi
761 3057 906 3117 Susannae
927 3057 967 3117 ad
984 3056 1047 3134 ejus
1060 3060 1207 3123 clamores

123 3145 320 3208 adcurrentes
331 3152 447 3225 portam
459 3144 640 3204 exteriorem
651 3142 780 3223 pomarii
792 3149 927 3219 apertam
937 3142 1137 3214 invenerant,
1151 3164 1207 3226 per

122 3248 216 3311 wem
228 3230 293 3310 ejus
304 3231 432 3291 amasius
444 3230 593 3307 autugisse
604 3227 703 3288 videri
713 3233 840 3306 poterat.
852 3226 902 3287 Oh
912 3226 989 3288 hanc
999 3231 1206 3307 apparentiam

120 3322 226 3379 restim
243 3317 336 3377 etiam
347 3314 467 3375 Joakim
482 3315 546 3392 ejus
555 3315 680 3374 maritus
689 3314 772 3374 illam
781 3310 887 3389 juvare
899 3311 978 3374 haud
989 3313 1097 3393 potuit.

159 3404 235 3459 ilud.
247 3400 279 3461 δ’
291 3398 449 3477 Quomodo
460 3399 581 3479 juvenis
593 3400 645 3460 illc
658 3399 765 3460 Daniel
783 3397 882 3477 potuit
893 3399 1053 3479 populum,
1067 3400 1119 3477 qui
1135 3417 1207 3462 sen·

115 3489 253 3549 tentiam
265 3488 298 3547 in
313 3488 478 3548 Susannam
490 3486 580 3546 latam
597 3485 792 3565 approbaret,
813 3485 1038 3564 Susannamque
1051 3485 1091 3547 ad
1106 3487 1205 3549 locrnn

121 3573 268 3655 supplicii
282 3572 426 3644 ducebat,
446 3572 508 3632 suis
525 3572 707 3633 clamoribus
727 3571 851 3650 adigere
868 3568 907 3630 ad
928 3588 1041 3632 novum
1055 3572 1206 3651 judicium

121 3656 365 3719 instituendum?

157 3744 271 3807 Daniel
284 3743 317 3804 in
331 3750 521 3821 textugraeco
531 3742 673 3820 equidem
683 3748 808 3802 vocatur
819 3744 945 3816 wlepem,
956 3739 1110 3819 poemiae,
1119 3758 1203 3820 puer,

120 3830 180 3895 nti
195 3830 291 3893 etiam
309 3833 402 3891 Josue
418 3829 476 3892 hoc
493 3829 616 3890 nomine
636 3827 832 3906 compellatur
852 3827 971 3905 quando
991 3827 1053 3904 jam
1072 3826 1121 3886 vir
1140 3833 1206 3889 erat

122 3914 227 3995 (eom
240 3916 340 3977 Exod.
360 3915 410 3986 tt,
430 3914 466 3974 l'o'
482 3932 551 3977 cum
571 3914 623 3986 55,
638 3915 705 3991 ll);
731 3929 824 3989 quare
850 3913 903 3972 illa
925 3928 985 3972 vox
1013 3926 1112 3990 graeca
1142 3928 1204 3971 non

120 4002 237 4083 proha
248 4000 577 4065 Danielemtumvalde
586 4000 728 4077 juvenem
736 3998 838 4060 tuisse
853 3997 887 4058 ld
902 4002 1033 4066 certum,
1045 3997 1204 4057 Danielem

122 4092 190 4153 iton
199 4089 237 4151 in
254 4088 325 4150 aula
334 4086 637 4151 Nahuohodonosoris
648 4087 739 4148 tuisse
752 4086 794 4154 le.
810 4083 860 4165 l);
873 4098 965 4162 quare
982 4090 1063 4144 certa
1076 4082 1203 4162 quadam
