2708 4846
480 492 674 545 bistonii!
687 492 893 545 ttcnonutt.
1166 494 1214 546 m

485 630 530 681 ns
544 610 694 682 suumin
708 632 740 683 n.
755 633 854 683 riom

538 742 556 812 ς
568 746 655 797 cxcv.
666 770 697 784 -
705 748 807 799 mulus.

159 880 479 955 elementissimus
494 880 603 947 motor
619 890 822 963 nuncupatus,
835 882 1013 964 parentibus
1027 882 1160 949 bmraeis
1171 885 1210 948 (le

125 966 208 1029 tribu
222 962 386 1045 Beniamin
402 968 510 1044 (llum.
527 967 580 1039 ii,
599 966 639 1045 l)
656 968 745 1029 Tarsi
762 969 797 1029 in
809 966 929 1031 Cllieiae
941 968 1104 1049 mebopoli
1124 978 1211 1033 natm

123 1048 216 1130 (Aet.
231 1052 287 1122 Ἠ,
305 1051 365 1129 ὅ),
383 1059 417 1114 et
432 1051 506 1115 bine
526 1054 569 1115 ob
586 1068 745 1115 romanum
766 1054 816 1133 jus
838 1052 986 1127 civitatis,
1001 1050 1074 1115 bnie
1087 1055 1156 1115 urbi
1173 1056 1214 1118 ab

123 1139 262 1219 Angmto
277 1138 351 1219 imp.
369 1154 563 1210 eoncessum,
584 1140 663 1203 ulvis
683 1154 826 1202 romanus
841 1140 899 1201 init
910 1140 1002 1217 (Aet.
1015 1140 1072 1213 ti,
1089 1140 1179 1203 ili-ii
1188 1144 1207 1219 l

124 1225 254 1287 brtibm
265 1224 447 1286 liberalibus
456 1224 609 1298 imbutus,
621 1224 844 1305 Hierosolymis
856 1243 874 1288 a
888 1225 1073 1298 Gamullele,
1087 1226 1214 1289 ‹lootore

124 1308 278 1371 l’baristeo
291 1308 379 1385 (Aet.
392 1308 427 1381 b,
438 1308 507 1387 bt),
522 1310 555 1371 ln
567 1308 640 1389 lege
651 1310 767 1390 Moysis
779 1309 916 1371 eruditus
927 1309 984 1370 init
995 1309 1081 1387 (Aet.
1095 1309 1151 1380 22,
1161 1309 1211 1386 ὅ),

124 1404 300 1475 tortamque
309 1394 529 1457 Pharisaeorum
539 1404 660 1459 secutus
671 1404 718 1458 est
726 1394 825 1474 (Pbii.
838 1396 873 1467 b,
886 1394 932 1473 t).
943 1394 1119 1457 Juooonm
1126 1413 1213 1458 moro

124 1480 295 1543 litterarum
317 1478 418 1542 studio
440 1478 593 1560 opificium
620 1480 795 1559 conjunxit,
820 1488 852 1543 et
873 1480 1114 1543 commendatam
1132 1482 1212 1563 apud

125 1566 239 1633 Cilices
250 1574 349 1629 artem
360 1568 493 1629 tentoria
508 1584 547 1629 ex
558 1569 642 1631 eorio
655 1568 687 1628 in
700 1586 787 1631 nomn
798 1568 919 1629 militiae
931 1566 1117 1631 eoniieiendi
1127 1585 1212 1629 exer-

124 1654 203 1726 enlt,
217 1670 363 1733 eamque,
376 1653 459 1713 inter
473 1654 614 1716 Gentiles
630 1654 831 1733 Evangelium
850 1655 1048 1725 annuntians,
1063 1672 1104 1715 ne
1120 1653 1213 1716 alieni

124 1739 319 1810 essetoneri,
332 1754 477 1799 exeruere
490 1732 627 1817 perrexit
638 1740 682 1815 (li
695 1738 803 1800 Tbess.
816 1738 851 1809 b,
864 1738 912 1819 8).
923 1738 1001 1801 Cum
1013 1745 1094 1799 esset
1105 1738 1214 1800 Phari-

123 1842 200 1971 raerp
218 1824 352 1893 zelosus.
370 1822 539 1889 Christiani
553 1824 687 1905 nominio¹
703 1820 800 1887 bostis
813 1824 1032 1885 intensissimus
1043 1821 1101 1884 fnit
1114 1822 1212 1901 (Pbil.

122 1910 158 1984 i,
197 1912 222 1989 ).

158 1996 301 2059 interfuit
310 1996 386 2059 eaedi
400 1997 547 2077 Stephani
559 1996 806 2075 protomartyris,
819 1994 1044 2073 custodivitque
1054 2011 1124 2055 eum
1136 1996 1214 2076 lapi·

122 2082 263 2147 dantimn
278 2090 380 2145 vestes
396 2082 482 2159 (Aet.
500 2083 536 2155 7,
554 2082 618 2161 57).
642 2083 863 2161 Hierosolymis
882 2090 949 2143 orta
973 2082 1005 2142 in
1019 2081 1215 2145 Christianos

121 2168 353 2251 perseeutione,
364 2166 474 2229 Paulus
485 2168 555 2229 illos
570 2166 747 2246 inquirebat
776 2174 866 2245 atque
879 2164 1126 2228 condemnandos
1130 2166 1215 2246 judi·

122 2252 212 2317 uibus
219 2250 362 2315 uolebat
373 2251 462 2328 (Aet.
476 2252 510 2324 8,
523 2250 570 2331 b).
583 2250 661 2313 Cum
673 2250 780 2313 iide'les
793 2250 833 2312 ob
843 2250 1088 2330 persecutionem
1097 2251 1214 2333 disper-

120 2344 286 2419 gerentur,
316 2354 353 2401 ae
378 2338 422 2400 ita
440 2337 641 2421 Evangelium
666 2344 901 2419 propagaretur,
922 2337 1032 2399 Paulus
1054 2354 1072 2398 a
1097 2356 1213 2401 summo
1291 2378 1299 2385 -

121 2424 281 2487 ommtiote
297 2423 390 2505 petiit
409 2440 446 2487 ae
463 2424 596 2487 obtinuit
611 2424 745 2495 litteras,
761 2424 871 2503 quibus
887 2429 1008 2503 poterat
1024 2420 1215 2489 Christianos

120 2512 262 2577 munci
292 2528 419 2593 capere,
438 2512 618 2591 vinctosque
646 2511 759 2573 ducere
780 2512 1024 2589 Hierosolymam
1041 2514 1214 2593 prmiendoe

121 2600 185 2677 (ib.
201 2618 232 2663 e.
242 2600 279 2669 i,
301 2597 377 2677 bi).
394 2596 520 2663 eonem
537 2597 631 2679 igitur
649 2596 890 2661 Christianorum
908 2598 1042 2676 spirans,
1061 2616 1095 2661 se
1108 2600 1213 2663 itineri

120 2686 293 2757 oomnis,
303 2684 365 2763 ‚sed
377 2704 473 2767 prope
492 2688 671 2747 Damasemn
687 2683 773 2743 humi
788 2682 969 2745 miraculoso
986 2692 1167 2763 prostratus,
1182 2696 1214 2749 et

121 2768 239 2843 Christi
254 2788 332 2833 voce
349 2772 509 2851 perculsus
532 2786 568 2831 ae
589 2774 774 2837 commotus,
794 2768 962 2829 coniersus
988 2766 1046 2827 init
1064 2768 1153 2844 (Aet.
1173 2766 1214 2842 9)

121 2854 264 2933 Damoei
279 2856 353 2919 tlein
369 2856 410 2919 ab
427 2854 549 2918 anama
566 2853 750 2935 baptizatus,
765 2859 796 2911 et
810 2867 828 2911 a
844 2868 897 2912 sun
912 2852 1062 2933 corporali
1076 2854 1214 2919 eaeeitate

121 2940 289 3011 mentm.
302 2958 375 3003 mox
385 2941 498 3005 Christi
512 2937 713 3019 Evangelium
725 2936 844 3017 ingenti
856 2936 922 2998 zelo
932 2938 1084 3017 intrepide
1097 2956 1215 3002 annun·

122 3024 227 3100 ilarii,
239 3032 333 3105 atque
344 3027 388 3089 ita
397 3044 485 3089 sunm
497 3024 708 3107 Apostolatnm
720 3021 890 3101 auspicatus
904 3029 950 3083 est
966 3022 1030 3099 (ib.
1038 3021 1061 3099 ).
1074 3024 1214 3088 Maximis

122 3112 285 3175 mihtin
296 3112 469 3183 laboribus,
484 3111 630 3194 periculis
645 3108 887 3190 quamplurimis
903 3107 1069 3187 superatis,
1081 3108 1215 3171 multiiu-

121 3196 343 3261 numumnos
354 3216 410 3279 pro
423 3197 544 3263 cbristo
557 3196 629 3258 iorti
643 3196 744 3258 animo
756 3211 932 3275 perpessus,
943 3192 1075 3273 etlonge
1091 3192 1214 3272 lateque

121 3280 291 3345 christiana
302 3283 454 3363 religione
470 3290 636 3365 propagata
647 3326 655 3354 ,
666 3298 746 3345 anno
759 3280 797 3342 oti
810 3296 878 3341 aerae
890 3278 1024 3359 vulgaris
1039 3278 1145 3339 llomae
1156 3280 1214 3341 sub

273 3384 309 3429 re
317 3369 441 3429 Nerone
454 3368 554 3449 eapite
564 3367 685 3449 pieros,
695 3367 870 3430 mercedem
882 3364 1045 3447 gloriosam
1056 3364 1212 3437 laborum,

331 3453 469 3531 martyrii
480 3460 586 3516 nactus
597 3461 653 3516 est.
762 3508 770 3519 .

258 3606 263 3619 ·
360 3594 378 3663 3
389 3596 488 3647 cxcvi.
499 3620 530 3633 -
539 3596 578 3646 lie
586 3595 704 3658 Epistolis
712 3597 744 3645 b.
754 3596 825 3646 inuti
835 3595 983 3657 generatim.

156 3720 372 3800 ueseripsit
380 3719 432 3782 bie
443 3721 558 3781 Doetor
569 3720 715 3781 Gentium
729 3718 959 3798 quatuordeeim
967 3714 1132 3797 Epistulas,
1145 3726 1213 3796 qim

119 3802 284 3871 hilibliis
300 3804 458 3867 euboeatae
475 3812 545 3867 sunt
556 3802 640 3881 juxta
652 3803 834 3885 dignitatem
844 3803 1067 3876 Ecclesiarum,
1084 3802 1123 3865 ad
1140 3820 1214 3881 quas

119 3890 390 3962 &molesmum
398 3888 483 3967 juxta
494 3889 654 3953 materiam
682 3904 775 3967 quam
785 3889 1043 3970 complectuntur,
1055 3906 1118 3951 non
1128 3887 1213 3969 juxta

119 3980 265 4043 minem
278 3976 537 4056 ehmnologicum.
