2708 4846
484 443 667 491 trenonun
687 443 880 491 slcnouun.
1184 443 1230 491 tta

308 574 324 645 ,5
339 578 466 626 CChxxv.
479 603 509 615 -
521 581 557 627 ite
567 579 646 627 morte
658 592 685 626 ac
697 578 877 627 resurrectione
887 578 949 626 lesu
960 577 1059 626 Christi.

178 722 250 776 tto.
262 719 415 778 Mortuum
435 717 549 780 Christi
567 736 677 799 corpus
692 718 854 798 sepulchro
871 736 951 779 novo
968 719 1001 779 ln
1020 729 1107 798 petra
1127 723 1228 784 exciso

139 805 315 884 impositum
331 810 393 875 est,
403 810 582 881 vastumque
594 821 698 864 saxum
711 803 749 864 ad
761 805 872 864 ostium
881 822 1021 866 eavemoe
1031 808 1229 885 sepulchralis

139 891 317 952 advolutum
326 889 392 960 tuit,
406 888 512 948 Matth.
524 888 627 958 mio.
638 889 742 948 Tertia
752 889 803 949 dic
812 892 1229 969 postmortemdiedominica

139 975 279 1037 Christus
291 990 408 1034 summo
419 990 508 1034 mane
523 973 561 1033 ad
576 982 675 1033 ortum
687 973 759 1033 solis
769 976 948 1046 resurrexit,
961 983 1027 1034 orto
1043 985 1132 1038 terrm
1144 992 1229 1043 motu

138 1063 222 1123 circa
237 1058 451 1138 sepulchrum,
463 1066 494 1118 et
509 1075 581 1118 sexo
599 1058 792 1136 sepulchrum
809 1065 934 1138 tegente
947 1061 1106 1140 revoluto(
1119 1065 1226 1128 Matth.

137 1145 184 1205 98.
199 1148 293 1205 ltlarc.
305 1142 350 1203 ld.
363 1144 436 1204 Luc.
448 1144 495 1203 211.
509 1144 598 1203 Joan.
611 1143 674 1221 20).

173 1229 329 1291 increduli
342 1247 378 1290 ac
390 1229 504 1288 Deistae
524 1229 633 1308 ingens
653 1229 884 1291 resurrectionis
903 1230 979 1290 lesu
995 1231 1172 1294 miraculum
1187 1237 1228 1298 de

136 1317 241 1379 medio
253 1314 399 1376 sublaturi
413 1315 512 1381 varias
525 1315 652 1375 absonas
663 1316 835 1394 opiniones,
849 1315 946 1394 ipsum
959 1334 1081 1378 sensum
1093 1337 1228 1384 commu·

136 1422 209 1464 nem
233 1400 438 1471 offendentes,
460 1401 671 1477 excogitarunt
687 1421 697 1458 :
712 1401 766 1461 alii
784 1418 853 1461 cum
873 1402 910 1460 D.
925 1401 1040 1462 Bahrdt
1052 1403 1073 1474 ¹,
1091 1405 1177 1466 Ecl'
1196 1417 1228 1471 et

136 1488 265 1551 Gottloh
287 1474 433 1555 Paulus‘‚
453 1486 623 1546 delirarunt
649 1486 803 1548 Christum
824 1488 924 1549 adhuc
945 1489 1049 1550 vivum
1072 1491 1111 1551 de
1136 1511 1227 1557 cruce

137 1572 325 1654 depositum,
340 1572 503 1648 vivumque
515 1571 676 1650 sepulchro
689 1572 863 1652 impositum
875 1573 979 1634 luisse.

173 1663 291 1720 vermi
310 1656 370 1716 hoc
391 1656 624 1716 deliramentum
645 1674 683 1716 ex
708 1659 780 1718 solis
805 1659 1041 1722 circumstantiis
1062 1664 1224 1742 passionis,

136 1745 245 1807 mortis
254 1750 285 1804 et
292 1742 455 1820 sepulturae
466 1743 541 1801 Jesu
552 1741 666 1803 Christi
679 1742 829 1802 refellitur
841 1762 849 1801 t
861 1744 1012 1821 quomodo
1027 1747 1109 1806 enim
1123 1748 1226 1814 Chris-

135 1842 185 1893 tus
198 1829 298 1891 adhuc
307 1827 413 1888 vivere
425 1828 749 1905 potuissetpostqunm
761 1829 1010 1890 inhumanissime
1015 1832 1111 1910 virgis
1120 1852 1223 1911 cresus,

134 1932 251 1981 corona
268 1913 374 1993 spinea
391 1912 606 1972 barbarissime
626 1920 722 1973 tortus
734 1931 770 1975 nc
786 1914 918 1984 cinctus,
935 1932 952 1975 e
974 1933 1065 1976 cruce
1084 1922 1226 1995 perfossis

133 2003 278 2065 manibus
296 1998 486 2078 pedibusque
503 1997 596 2057 trimn
615 1996 760 2059 horarum
779 2000 876 2076 spatio
897 2000 1109 2079 pependisset,
1135 2015 1224 2086 atque

132 2093 215 2152 latus
236 2087 300 2165 ejus
320 2086 425 2146 lancea
451 2085 637 2163 perforatum
659 2087 760 2146 esseti
783 2085 870 2146 lllum
892 2086 1052 2148 credidere
1073 2101 1225 2155 mortuum

133 2177 251 2238 milites
264 2171 328 2252 ejus
340 2172 431 2231 morti
448 2178 629 2248 praesentes,
641 2173 693 2250 qul
714 2172 785 2233 ideo
801 2172 865 2250 ejus
876 2191 965 2234 cmra
977 2192 1039 2234 non
1057 2175 1222 2257 fregerunt.

134 2265 252 2324 Pilatus
264 2274 338 2322 vero
347 2265 498 2317 mortuum
510 2255 626 2318 Christi
637 2276 745 2338 corpus
757 2260 891 2339 losepho
901 2261 941 2321 ab
953 2261 1138 2325 Arimathaea
1147 2267 1223 2332 illud

135 2346 257 2430 petenti
267 2342 389 2405 tradere
406 2341 520 2409 noluit,
534 2342 594 2402 nisi
610 2351 800 2422 postquama
818 2346 1005 2409 centurione
1024 2351 1137 2410 certior
1152 2355 1223 2416 red-

134 2435 220 2495 ditus
232 2435 324 2499 esset,
335 2427 490 2490 Christmn
503 2444 569 2489 esse
583 2428 756 2491 detructum
770 2429 886 2509 (Marc.
900 2434 953 2503 ro,
967 2431 1057 2495 ott-ot
1070 2436 1092 2515 ).

172 2518 247 2575 titt.
259 2514 386 2591 Antiqui
404 2512 520 2574 Christi
539 2513 713 2592 divinaeque
730 2515 795 2592 ejus
814 2518 972 2597 religionis
985 2519 1088 2582 hostes
1109 2525 1221 2605 Pagani

135 2618 169 2672 et
180 2605 279 2668 Judaei
291 2603 480 2665 insanierunt
497 2603 661 2682 discipulos
674 2603 788 2665 Christi
803 2623 912 2684 corpus
925 2607 973 2666 sni
987 2610 1123 2686 magistri
1141 2615 1221 2676 fura-

132 2705 185 2756 tos
197 2708 281 2763 esse,
294 2704 507 2766 rumoremque
520 2688 559 2748 de
573 2687 637 2764 ejus
649 2690 872 2750 resurrectione
892 2691 1055 2770 sparsissc;
1073 2695 1217 2758 dixerunt

133 2783 220 2842 hunc
231 2792 385 2838 rumorem
407 2773 506 2835 adhuc
527 2773 606 2853 apud
633 2773 756 2833 Judaeos
774 2773 961 2853 divulgatum
988 2773 1080 2836 tuisse
1101 2783 1220 2857 quando

133 2865 296 2928 mntmaeus
307 2880 394 2924 sunm
404 2859 604 2939 Evangelium
616 2860 738 2939 scripsit
750 2859 878 2936 (Matth.
890 2858 938 2930 28,
949 2859 1017 2938 111).

174 2953 232 3012 Ast
240 2948 354 3013 Christi
366 2944 523 3026 discipulis
534 2945 724 3025 impossihile
737 2945 794 3005 tuit
802 2944 899 3005 divini
908 2946 955 3005 sui
967 2946 1103 3025 magistri
1113 2969 1221 3033 corpur

132 3039 216 3102 clam
236 3034 368 3103 auferre3
390 3031 421 3090 l‘
441 3031 525 3091 enim
543 3031 696 3110 ingressus
713 3031 746 3090 in
767 3031 943 3109 speluncam
962 3035 1045 3092 saxei
1068 3037 1219 3115 sepulchri

134 3122 257 3204 ingenti
267 3119 370 3199 lapide
382 3117 501 3178 clausus
513 3125 578 3176 erat
590 3116 718 3195 (Matth.
732 3117 785 3186 27,
799 3115 837 3175 60
846 3115 874 3190 );
888 3114 919 3173 2⁰
931 3117 1079 3194 primores
1097 3121 1221 3184 ludaeo-

133 3224 205 3270 rum
226 3209 369 3266 verentes
392 3217 433 3261 ne
452 3200 594 3280 discipuli
613 3201 726 3263 Christi
748 3216 857 3279 corpus
882 3199 1065 3272 fruerentur,
1090 3220 1221 3284 eumque

133 3291 338 3358 resurrexisse
349 3288 504 3360 dicerent,
516 3296 659 3368 rogarunt
672 3287 803 3348 Pilatum
818 3294 853 3347 ut
864 3286 1001 3367 periculo
1018 3286 1090 3349 huie
1106 3307 1221 3368 praecn-

133 3386 239 3450 veret3
256 3394 348 3456 quare
360 3376 512 3456 ingressus
527 3392 665 3437 cavernae
678 3374 876 3454 sepulchralis
890 3391 960 3435 cum
979 3381 1065 3453 petra
1083 3393 1221 3439 chremse

135 3464 237 3547 sigillo
259 3461 392 3523 munitus
413 3478 448 3522 ac
460 3461 620 3538 colligatus
632 3461 704 3531 fuit,
719 3469 750 3521 et
762 3460 795 3518 3⁰
807 3461 921 3521 milites
934 3477 1073 3521 cavemae
1090 3463 1219 3542 adpositi

134 3552 259 3614 fuerunt
279 3548 318 3611 ad
337 3549 423 3608 illam
439 3547 678 3607 custodiendam.
698 3547 858 3624 Quomodo
873 3546 968 3625 igitur
983 3546 1084 3608 timidi
1105 3548 1219 3610 Christi

134 3636 297 3716 discipuli,
309 3636 361 3712 qni
374 3633 668 3711 temporepassionis
684 3651 748 3713 prae
760 3640 844 3692 metu
861 3633 1046 3710 auhrgerent,
1059 3632 1140 3694 illius
1151 3650 1220 3695 cor·

134 3739 192 3804 pus
202 3721 295 3781 iurari
308 3719 497 3800 potuissent?

165 3855 264 3921 trput
277 3859 330 3907 tre.
341 3856 498 3914 tustiihrnng
508 3854 633 3904 deuitare
643 3855 694 3903 und
705 3853 806 3902 zwecis
817 3854 876 3902 icen
884 3855 922 3906 t0.
936 3855 964 3900 B.
978 3852 1081 3902 17811-
1091 3851 1221 3919 ’νεκυοὴ

132 3925 440 3988 ‹lieWnudcrgeschichte
452 3923 496 3970 des
508 3924 537 3969 N.
548 3924 576 3970 r.
588 3936 633 3972 am
641 3922 799 3972 natiirtichcn
810 3923 935 3970 Ursachen
946 3935 977 3969 zu
988 3922 1113 3984 omicron,
1125 3925 1219 3990 Berlin,

134 3997 206 4046 17111.
214 4019 245 4032 -
253 3990 594 4055 ll’hllologisch·ttritirchcr
604 3992 657 4042 und
667 3991 831 4039 historischer
841 3991 999 4038 Kommcutar
1009 3991 1072 4040 iiher
1081 3992 1125 4040 das
1135 3995 1163 4042 Ν.
1175 3997 1218 4055 lt,

135 4062 331 4125 mommsen
