2708 4846
158 122 205 176 110
563 122 608 172 be
625 119 827 171 adantum

193 214 285 278 Fides
298 215 327 276 ei
340 213 444 277 debita
454 212 506 275 'vel
518 214 590 276 inde
607 214 767 296 probatur,
781 210 862 291 quod
874 212 976 272 omnia
992 211 1154 272 veritatem
1168 226 1225 291 pra

155 319 191 363 se
208 301 324 374 ierant,
339 307 371 363 et
384 301 514 381 antiquae
532 300 579 361 illi
598 300 681 362 aetati
698 298 833 380 apprime
852 297 1053 367 conveniant,
1072 302 1108 356 ut
1124 296 1225 377 exigua

155 405 273 452 merces
284 388 450 452 sacerdotis
460 386 581 459 Michae,
594 389 702 451 decem
720 403 832 467 nempe
845 384 999 465 argentei,
1012 382 1127 467 duplex
1138 384 1224 449 vesds

156 481 188 538 et
199 475 297 537 victus
307 492 363 553 per
377 492 487 537 annum
499 472 512 555 (
524 492 552 537 3.
566 475 693 552 17,10).

193 563 263 619 toa.
277 564 365 624 Parte
378 563 469 623 tertia
481 580 534 623 scu
546 561 713 642 appendice
725 559 869 631 secunda,
882 563 1019 621 narratur
1030 557 1225 625 concubinam

154 647 279 726 alicujus
296 648 410 710 Levitae
427 649 459 708 in
478 648 603 709 civitate
613 647 738 719 Gabaa,
752 648 850 709 tribus
865 644 1038 723 Beniamin,
1049 645 1091 707 ad
1102 654 1225 711 mortem

153 752 247 813 usque
257 733 347 795 tuisse
357 732 907 812 3333133331333333333[3311333313
917 730 1225 813 concubinaecorpore

153 821 186 882 in
203 819 363 881 duodecim
379 828 497 900 partes,
511 819 644 898 singulas
659 817 697 881 ad
713 818 845 898 singulas
862 816 958 878 tribus
972 816 1067 878 misit.
1077 818 1225 889 Undecima

152 909 250 971 tribus
263 908 335 968 hinc
347 915 549 986 congregatae,
563 912 701 968 auctores
712 905 788 966 tanti
802 903 908 983 flagitii
917 947 925 974 ,
935 912 1033 965 morte
1041 904 1223 983 puniendos,

151 992 354 1071 aBenjamitis
363 991 560 1072 postularunt,
573 990 755 1069 Benjamitas
767 989 799 1051 id
811 996 953 1069 praestare
964 996 1136 1065 [renuentes
1147 991 1224 1056 bello

150 1082 326 1162 3311333131,Χ
332 1080 370 1140 ab
382 1079 443 1140 illis
455 1079 504 1139 bis
515 1078 586 1139 13333
599 1079 690 1139 133113
703 1076 825 1138 tandem
835 1078 990 1147 victrices,
1007 1083 1104 1138 totam
1116 1080 1225 1143 tribum

150 1167 308 1246 Beniamin
321 1165 518 1237 delcvenmt,
530 1164 587 1226 1100
602 1165 677 1227 viris
689 1164 839 1242 exceptis,
852 1162 903 1242 qui
917 1163 995 1224 sein
1011 1179 1121 1243 rupem
1140 1165 1225 1229 ilem·

150 1271 212 1315 non
223 1257 412 1330 receperant.
426 1250 569 1311 lsraelitae
583 1257 684 1311 autem
695 1257 801 1328 postea
812 1249 927 1309 tribum
942 1247 1101 1327 Bcnjamin
1117 1247 1225 1313 instau-

149 1346 254 1400 ranmt
264 1337 320 1397 too
332 1335 458 1415 puellis,
472 1336 505 1396 in
518 1334 602 1398 caede
615 1333 781 1395 incolarum
792 1333 887 1396 labes
898 1334 1013 1399 Galaad
1020 1352 1030 1405 3
1043 1335 1183 1409 servatis,
1194 1342 1224 1399 31

150 1424 244 1505 raptis
256 1423 366 1503 puellis
379 1420 554 1483 ducentium
564 1420 673 1483 choros
686 1421 719 1480 in
733 1421 807 1481 Silo.

185 1509 395 1589 Appendicem
411 1508 490 1570 hanc
502 1507 645 1587 scriptam
661 1524 727 1569 esse
744 1514 881 1585 tempore
899 1505 1085 1568 llonarchiae
1103 1506 1222 1571 Judaeo-

148 1613 216 1657 rum
226 1595 334 1673 liquet,
346 1594 478 1672 quod(c.
489 1594 600 1670 1111)
611 1592 728 1655 dicatur
739 1610 789 1654 res
801 1599 933 1653 narratas
946 1593 1096 1664 evenisse,
1111 1594 1223 1673 quando.

148 1700 206 1743 aon
217 1689 280 1742 erat
290 1699 342 1741 ren
359 1680 391 1740 13
403 1680 498 1741 Israel
510 1680 618 1757 (Conl.
631 1697 664 1739 n.
678 1679 732 1739 ld8
741 1680 762 1756 ).
778 1679 944 1740 Auctorem
952 1696 1039 1740 tasum
1053 1696 1120 1741 esse
1134 1680 1222 1745 11333-Ι

148 1775 251 1828 mcnto
271 1768 414 1846 antiquo,
426 1767 498 1828 satis
518 1773 602 1845 patet
619 1783 657 1826 cx
672 1766 796 1826 minutis
817 1766 1069 1837 circumstantiis,
1082 1784 1157 1847 quas
1174 1786 1220 1831 33-

147 1860 263 1916 censet.

184 1940 274 2000 Fides
297 1934 368 1999 huic
390 1937 552 2017 appendici
573 1933 677 1996 debita
692 1943 737 1998 sat
754 1936 825 1998 inde
847 1938 1011 2018 colligitur,
1032 1938 1116 2017 quod
1134 1956 1216 2003 nemo

146 2025 322 2084 Judaeorum
333 2021 436 2084 induci
449 2020 582 2100 potuerit
594 2020 632 2082 ad
646 2019 876 2102 confingendam
892 2024 970 2086 hanc
983 2024 1159 2098 historiam,
1171 2043 1218 2087 na-

57 2192 60 2199 ,
146 2111 223 2173 tloni
232 2109 360 2191 judaicae
377 2109 562 2190 probrosam.
577 2107 728 2171 Caeterum
742 2110 898 2172 notissima
910 2113 1032 2192 ponitur
1048 2112 1179 2187 033339,
1189 2112 1213 2176 11.

447 2269 675 2319 nffltcttbrtais
690 2270 772 2318 bitilll
786 2271 922 2321 tunicum.

392 2393 409 2461 s
422 2395 535 2444 133.-
544 2396 620 2458 igion
636 2396 662 2446 ct
676 2394 736 2445 dod.
752 2395 833 2445 Sisara
848 2397 875 2445 et
888 2396 969 2445 Jaltcl.

180 2535 371 2599 13333333
385 2520 534 2614 obiiciunt
544 2535 692 2614 imprimis
704 2536 937 2613 tyrannicidium
948 2535 1045 2615 Eglon
1056 2543 1088 2598 et
1100 2539 1211 2601 Sisara.

180 2622 215 2684 C.
235 2622 264 2680 5.
284 2623 441 2692 Narratur,
455 2621 537 2699 quod
557 2620 654 2699 Eglon
672 2621 873 2681 Moabitarum
889 2638 963 2692 rex,
989 2621 1139 2700 adjunctis
1158 2624 1211 2686 sibi

142 2707 323 2772 Ammonitis
335 2715 367 2768 et
377 2707 565 2779 Amalecitis,
580 2715 612 2769 et
626 2716 714 2788 capta
728 2709 804 2769 urbe
822 2708 991 2769 Palmarum
1004 2727 1059 2770 seu
1078 2710 1210 2779 iericho,

141 2794 289 2857 israelitas
301 2793 334 2853 in
345 2793 523 2856 servitutem
535 2794 699 2873 redegerit.
714 2795 811 2856 Annis
825 2795 861 2854 l8
873 2796 982 2874 elapsis
995 2795 1082 2867 Aod,
1097 2796 1212 2858 313133-

141 2880 271 2942 tissimus
279 2878 318 2939 de
330 2878 412 2939 tribu
419 2877 587 2957 Beniamin,
595 2879 633 2939 ab
643 2880 786 2940 Israelitis
797 2881 903 2941 missus
914 2880 950 2940 ad
960 2879 1025 2960 regi
1032 2898 1159 2941 munera
1166 2880 1211 2943 vel

138 2967 254 3028 tributa
265 2963 446 3035 deserenda,
460 2965 620 3025 consilium
632 2964 691 3024 init
703 2982 807 3044 regem
818 2965 995 3036 occidendi,
1009 2983 1045 3027 ac
1059 2967 1102 3026 ita
1119 2969 1210 3028 lsrae-

138 3051 206 3117 titas
220 3052 253 3111 in
265 3050 438 3110 libertatem
445 3049 632 3111 vindicandi.
646 3051 755 3111 Gladio
769 3051 862 3129 igitur
873 3053 998 3130 ancipiti
1009 3053 1064 3113 sub
1079 3054 1210 3115 vestibus

137 3138 258 3204 abdito,
278 3134 386 3193 oblatis
407 3136 473 3211 regi
493 3135 683 3204 muneribus,
703 3136 852 3213 sociisque
873 3139 1023 3218 remissis,
1038 3154 1145 3217 regern
1158 3138 1210 3199 sub

137 3227 284 3302 praetextu
292 3220 403 3280 secreti
411 3221 591 3281 momentosi
602 3220 634 3279 in
642 3229 742 3299 partes
751 3229 934 3301 pertractum
944 3224 1112 3286 interemit.
1123 3226 1210 3295 Tum,

138 3308 251 3370 vocatis
263 3305 403 3378 traditis,
413 3307 572 3378 Moabitas,
581 3307 734 3385 inopinata
746 3309 828 3388 regis
838 3327 915 3372 nece
926 3319 1144 3383 consternatos,
1154 3310 1208 3370 im

136 3394 257 3472 provise
266 3391 398 3465 adortus,
409 3393 532 3455 circiter
541 3392 645 3468 to,000
655 3393 694 3455 de
702 3394 763 3456 illis
773 3396 895 3468 occidit,
907 3403 996 3475 atque
1007 3396 1049 3457 ita
1060 3397 1207 3459 israelitae

136 3476 271 3541 libertati
281 3477 425 3539 restituit.

174 3566 244 3619 tot.
260 3564 295 3627 C.
313 3565 332 3622 t
352 3562 499 3636 retertur,
509 3564 590 3644 quod
611 3566 778 3638 israelitas,
795 3568 865 3630 Aod
878 3574 995 3630 mortuo
1006 3612 1014 3639 ,
1027 3568 1060 3629 in
1079 3568 1209 3630 idolola-

136 3650 226 3712 triam
237 3650 400 3728 lapsos,‘l⁰
411 3652 497 3716 amris
508 3655 690 3734 oppresserit
702 3655 809 3727 Jabin,
820 3674 877 3717 rer
894 3658 973 3717 Asor
983 3657 1014 3716 in
1025 3664 1108 3717 terra
1128 3656 1209 3720 Cba-

136 3752 225 3803 naau.
236 3737 455 3805 Poenitentibtu
471 3741 616 3806 israelitis
629 3742 785 3815 bobbone,
794 3741 929 3823 judexin
940 3742 1048 3819 lsrael,
1061 3743 1207 3809 excitarit
