2708 4846
346 468 534 531 btlllllolillll
554 469 752 539 stelionum.
1040 468 1087 528 lib

242 600 321 668 §bix
341 602 451 655 -l'idca
460 605 565 668 mutuor
573 604 645 656 libris
655 606 749 669 benum
759 602 853 656 debita.

108 732 118 789 ¹.
130 731 238 793 Libros
251 731 305 793 bos
316 729 376 795 fide
389 732 568 814 dignosesse
585 740 669 815 patet
682 752 690 793 ε
705 733 736 795 l·
749 734 830 812 quod
853 733 1083 816 scrupulose,'et

108 818 145 882 de
157 820 253 881 verbo
274 819 453 882 adverbum
469 823 604 902 excerpti
624 828 694 884 sunt
705 838 743 883 ex
760 823 872 885 coaevis
893 820 1081 886 documentis

108 905 206 974 ilicis,
225 905 351 967 servatis
375 908 460 966 vario
477 908 625 985 stylo,'et
636 906 794 987 phrasibus
818 907 949 986 antiquis
969 907 1004 969 in
1028 908 1081 971 illo

108 993 178 1053 ibus
189 991 289 1069 (Coni.
303 1011 334 1053 n.
359 992 411 1052 let
425 1001 457 1053 et
473 994 543 1072 183)
552 1013 560 1065 ;
575 994 610 1068 2⁰
628 993 710 1072 quod
726 1001 761 1054 ut
776 993 854 1056 sacri
872 994 1004 1073 suscepti
1015 995 1082 1058 luc·

108 1078 132 1138 b
150 1077 292 1138 Hebraeis
310 1077 381 1138 dum
394 1096 498 1139 corum
511 1080 690 1141 documenta
705 1079 802 1140 adbuc
815 1079 1000 1153 existebant,
1013 1097 1081 1160 quae

109 1171 302 1243 §temporum
312 1166 417 1227 relicta
427 1167 547 1228 fuerunt
556 1166 662 1245 (Coni.
672 1166 742 1242 25);
754 1165 786 1225 5⁰
799 1166 881 1245 quod
893 1166 926 1227 in
939 1167 984 1228 eis
996 1168 1081 1249 inge-

108 1259 237 1312 trrantur
256 1252 349 1313 multa
365 1254 480 1313 nationi
494 1253 603 1332 judaeae
616 1252 774 1331 injuriosa;
790 1260 821 1314 et
832 1251 864 1313 [ι’
883 1252 964 1331 quod
976 1270 1081 1332 quanm

108 1354 147 1410 ra,
161 1354 228 1414 quae
242 1337 274 1397 in
288 1338 325 1399 iis
337 1338 425 1399 libris
438 1346 613 1410 occurrunt,
628 1338 737 1400 eodem
755 1338 847 1400 modo
858 1337 1030 1400 reienrntur
1041 1338 1081 1402 ab

108 1440 126 1484 e
151 1423 415 1501 Paralipomenon,
433 1440 451 1486 a
472 1425 644 1497 Psalmista,
669 1441 688 1487 a
709 1423 884 1504 Prophetis,
898 1431 957 1486 etc.
972 1424 1079 1503 (cont.

108 1509 139 1572 lu
153 1509 347 1586 etaltera).

209 1641 291 1712 sbx.
303 1669 333 1681 -
341 1646 517 1708 Argumentum
526 1648 630 1709 quatuor
639 1648 757 1697 librorum
771 1650 875 1710 liceum.

122 1766 182 1826 let
203 1767 229 1824 ll
243 1768 370 1845 Regum,
390 1769 442 1845 qui
455 1767 516 1828 sibi
528 1777 612 1828 arcte
628 1768 798 1838 cohaerent,
812 1775 844 1830 ct
861 1768 933 1831 binc
950 1770 1081 1851 antiquis

108 1852 144 1912 ris
156 1852 279 1912 nomine
294 1852 382 1912 unius
398 1853 471 1912 libri
481 1853 654 1932 veniebant
666 1853 713 1929 (n.
733 1853 824 1932 l80),
842 1852 1081 1934 complectuntur

108 1937 255 2006 odonem,
277 1937 462 2014 infantiam,
492 1954 599 1999 munus
619 1937 830 2016 propheticum
854 1955 890 1999 ae
923 1939 1080 2018 politicum

108 2024 164 2095 iis,
183 2022 266 2101 cujus
285 2040 397 2084 nomen
413 2023 492 2103 apud
509 2023 633 2086 Judaeos
650 2032 769 2105 gerunt.
791 2025 935 2086 Narratur
952 2026 1025 2088 dein
1044 2030 1079 2092 in

108 2110 194 2190 prod,
211 2110 288 2173 iacta
308 2112 472 2172 mutatione
490 2110 667 2193 regiminis,
692 2111 763 2173 Saiil
775 2112 890 2191 primus
905 2112 1080 2178 Judaeorum

108 2199 158 2260 trit
176 2200 364 2260 constitutus.
382 2200 589 2261 Reccnsentur
605 2216 656 2260 res
667 2205 760 2279 gestae
778 2199 891 2274 Saulis,
914 2200 963 2261 cui
974 2244 984 2272 ‚
997 2221 1080 2264 man·

108 2286 150 2345 lei
166 2283 248 2344 baud
262 2283 503 2364 obtemperanti,
521 2286 729 2346 annuntiatum
742 2290 805 2356 est,
821 2302 949 2365 regnum
963 2286 1027 2368 ejas
1040 2289 1079 2351 ad

119 2370 343 2434 devolvendum
361 2388 436 2431 esse.
451 2370 565 2441 David,
589 2372 638 2433 eui
663 2388 719 2450 per
739 2371 914 2434 unctionem
931 2373 1079 2440 Samuelis

108 2474 129 2517 n
141 2456 320 2538 promissum
332 2455 445 2527 fuerat,
460 2457 492 2516 in
502 2456 600 2517 aulam
613 2457 791 2527 accersitis,
807 2457 928 2519 Sablem
938 2458 978 2520 de
989 2461 1079 2523 amit-

108 2560 199 2622 regno
213 2544 416 2603 insanientem
428 2543 541 2604 musica
553 2550 682 2604 recreat.
696 2542 794 2603 David
807 2543 926 2605 devicto
938 2545 1077 2623 Goliatb,

108 2630 336 2702 ePbilisthaeo‚
362 2631 402 2690 ob
431 2630 662 2693 acclamationes
684 2629 845 2689 mulierum
867 2631 898 2690 ei
919 2632 1078 2698 victoriam

108 2717 271 2779 rtulautium
281 2717 364 2777 Saiili
377 2719 409 2777 in
422 2716 624 2798 suspicionem
632 2717 734 2785 venit,
745 2715 826 2793 quod
835 2717 901 2795 ipse
915 2724 1010 2790 esset,
1025 2720 1078 2799 qui

114 2804 222 2867 solium
234 2804 458 2866 substituendus
471 2809 551 2864 esset
559 2821 567 2862 ε
576 2820 669 2881 quare
682 2802 753 2862 Saiil
762 2801 910 2863 Davidem
922 2803 962 2864 dc
974 2805 1077 2867 medio

121 2892 258 2961 molitur,
278 2891 375 2951 David
394 2900 495 2951 autern
513 2907 580 2953 sese
592 2891 626 2950 in
648 2889 854 2951 Philistbaeam
872 2890 992 2971 recipit.
1006 2891 1078 2953 Sail

108 2976 210 3040 ebello
221 2977 364 3039 adversus
373 2978 564 3040 Pbilistbaeos
574 2977 764 3040 consulturus
775 2976 945 3037 Samuelem
955 2976 1078 3040 deiunc-

108 3064 305 3145 rpabonissam
326 3066 360 3125 in
381 3065 485 3126 Endor
504 3064 586 3125 bunc
611 3062 790 3142 prophetam
811 3062 955 3124 suscitare
970 3064 1076 3141 jubet3

108 3158 206 3214 antem
219 3168 400 3230 suorumque
416 3151 586 3231 proximum
603 3148 759 3208 interitum
772 3146 890 3208 didicit.
905 3148 988 3208 Sauli
1008 3156 1076 3228 post

108 3254 155 3299 em
170 3238 283 3300 exitum
307 3238 404 3316 praelii
427 3236 570 3298 adversus
593 3233 783 3297 Philistboeos
799 3232 919 3305 occiso,
933 3233 1036 3311 David
1056 3251 1075 3298 e

108 3324 174 3384 inda
192 3341 247 3384 rex
263 3324 402 3384 suffectus
418 3323 475 3384 suit
493 3323 532 3384 ab
550 3322 607 3383 bac
632 3320 728 3390 tribu;
746 3318 890 3380 undecim
907 3335 982 3380 vero
1006 3319 1074 3383 aliu

111 3408 265 3481 Isboseth,
284 3408 380 3469 saillis
393 3406 455 3469 ilio
475 3416 510 3469 ut
522 3408 590 3487 regi
602 3405 802 3468 adhaeserant.
824 3404 962 3467 isboseth
974 3411 1074 3468 autern

108 3494 201 3559 cundo
214 3511 293 3555 anno
307 3511 324 3553 a
337 3494 398 3554 suis
413 3494 593 3565 interiecto,
606 3493 671 3555 istae
683 3492 780 3553 tribus
792 3492 859 3554 sine
874 3508 947 3571 rege
960 3507 1074 3553 manse·

108 3596 183 3661 sque
200 3579 238 3641 ad
255 3596 365 3640 annum
376 3580 540 3659 septimum
559 3586 690 3640 amorte
709 3578 822 3649 Saule,
839 3596 898 3657 quo
915 3594 947 3639 se
964 3576 1075 3641 Davidi

108 3674 213 3731 eruit.
226 3665 324 3727 David
337 3673 408 3725 tunc
421 3673 508 3745 capta
520 3664 612 3734 Sion,
630 3680 700 3725 arce
718 3664 954 3742 Hierosolyma,
971 3661 1073 3724 sederi

108 3752 272 3816 illebrone
286 3750 408 3813 Sionem
419 3750 582 3821 transtulit,
596 3766 755 3828 arcamque
768 3748 889 3811 laederis
901 3746 1075 3811 illuetraus

108 3830 186 3913 neit.
197 3839 381 3901 liciemntur
393 3836 465 3898 dein
477 3837 580 3918 paneis
592 3837 652 3898 alia
663 3842 750 3917 gesta
756 3835 891 3898 Davidis.

112 3912 173 3989 fili
195 3931 228 3986 et
241 3924 285 3984 lv
299 3926 421 4003 ‘Regum
438 3929 574 3995 narrant,
591 3920 740 3983 Davidem
756 3921 842 3984 senio
854 3917 1024 3981 coniectmn
1037 3920 1075 3983 to

108 4008 174 4077 ldie
185 4010 321 4072 annosui
336 4007 493 4088 regiminis
501 4006 654 4069 Salomoni
666 4004 728 4069 lilio
738 4005 1074 4089 regnumcessisseffia-

108 4116 121 4167 r
139 4102 213 4187 post
231 4094 270 4158 to
286 4096 432 4179 gloriosos
445 4109 538 4158 annos
554 4093 677 4181 imperii
697 4092 838 4159 defuncto
861 4090 996 4231 sulruelus
1009 4091 1074 4162 tilio
