2708 4846
496 516 686 568 Ltuholtttu
705 518 901 570 stelionum.
1196 518 1241 573 Μ

156 629 174 667 o
185 605 198 677 l
206 602 551 680 *aetanmpetnnus
562 613 768 690 relinquetur3
777 616 885 685 nobb,
899 615 1143 694 stmllssumpto
1150 619 1241 678 Petro

154 698 194 765 n(
208 697 347 764 mauide·
360 696 385 765 l,
397 704 429 757 et
442 697 560 758 duobus
570 696 642 758 liliis
655 693 811 771 zehedaei,
826 702 919 782 coepit
930 703 1102 763 contristari
1113 711 1144 763 et
1151 720 1241 767 nstra⁴

154 794 230 846 otus
242 803 323 856 esse,
336 807 352 843 n
365 794 455 863 atque
468 801 549 864 saepe
563 785 650 844 alibi.

189 872 226 934 C.
244 873 278 942 lt,
297 871 332 943 b,
349 871 511 931 Matthaeus
533 871 628 930 refert
647 871 809 932 Diabolum
829 874 964 935 statuisse
984 870 1137 936 Christum
1153 891 1240 957 super

148 957 339 1036 pinnaculum
359 957 472 1036 tenrplt',
487 957 521 1016 id
542 963 588 1016 est
605 972 696 1035 super
713 958 952 1028 extremitatem,
970 960 1162 1039 crepidinem
1182 964 1238 1023 alre

149 1045 258 1122 templi
271 1051 389 1124 aequato
402 1049 483 1104 tecto
495 1043 644 1118 cooperti.
659 1043 725 1100 Vox
744 1051 846 1104 autem
863 1046 966 1105 stabnt
981 1044 1112 1114 (mes)
1123 1049 1238 1128 pariter

148 1130 290 1190 wrmrtatt
301 1127 462 1209 significat,
472 1136 505 1187 ut
517 1127 616 1187 denuo
626 1133 744 1187 constat
753 1145 791 1190 ex
802 1129 878 1191 locis
889 1130 1042 1210 parallelis
1055 1132 1119 1193 esic
1127 1132 1234 1194 Matth.

146 1215 200 1285 ut,
211 1216 260 1286 δῦ,
274 1216 404 1277 dicitur:
417 1234 433 1270 n
447 1215 564 1275 statuet
580 1214 697 1285 (emor)
714 1232 788 1278 oves
805 1217 930 1295 quidem
945 1234 964 1278 a
979 1217 1112 1289 dextris,
1131 1218 1237 1282 baedor

147 1322 166 1359 s
178 1309 282 1363 sutem
298 1319 316 1362 a
332 1301 462 1362 sinistris
468 1318 477 1370 ;
496 1319 513 1356 a
533 1301 627 1362 hiare.
644 1303 677 1376 9,
693 1299 741 1376 35,
760 1304 913 1365 habetur:
932 1324 949 1360 u
969 1302 1061 1367 Jesus
1080 1304 1236 1385 accipient

147 1408 165 1445 x
176 1403 306 1468 pnermn
318 1388 422 1450 statuit
434 1396 445 1464 (
459 1396 549 1451 tmere
557 1400 570 1465 )
582 1389 615 1449 in
627 1390 730 1452 medio
744 1406 863 1461 eorum,
876 1411 892 1446 u
904 1389 937 1450 id
953 1398 1000 1451 est
1010 1391 1165 1452 conduxit.

183 1472 263 1534 Cum
278 1473 419 1535 diabolus
433 1490 560 1535 noscere
578 1483 706 1555 cuperet
726 1485 828 1537 utrum
849 1478 939 1536 Jesm
964 1474 1137 1538 Nsmrenus
1155 1471 1236 1538 filius

145 1560 204 1621 Dei
220 1568 316 1630 esset,
327 1561 463 1639 protecto
480 1562 540 1622 sibi
557 1562 639 1623 cavit
653 1580 694 1623 ne
706 1562 794 1624 illum
809 1578 865 1643 per
881 1576 985 1623 aerem
1004 1562 1149 1635 deterret,
1164 1582 1234 1625 cmn

144 1662 234 1708 secus
245 1663 279 1707 se
292 1646 448 1708 diabolmn
459 1664 525 1709 osse
535 1649 769 1721 manifestasset,
780 1657 871 1727 atque
884 1650 927 1709 ita
938 1667 956 1709 a
968 1650 1090 1712 Christo
1101 1651 1232 1728 agnitus,

144 1733 226 1794 seire
237 1732 393 1794 debuisset
405 1749 439 1794 se
452 1751 520 1812 quae
531 1734 655 1794 volebat
664 1735 702 1794 ab
714 1736 768 1795 illo
780 1734 862 1795 haud
872 1732 1067 1794 auditurum*

157 1868 174 1935 s
188 1870 328 1920 cutm.
337 1890 367 1906 -
374 1870 530 1932 liypotheses
540 1870 571 1919 de
587 1871 724 1920 tentatione
735 1870 863 1920 christiin
874 1870 980 1919 deserto.
991 1868 1061 1919 illius
1072 1863 1215 1932 explicatio.

179 1992 254 2047 ssa.
267 1988 380 2052 Christi
399 1989 527 2049 tentatio
540 1989 573 2048 in
589 1989 711 2049 deserto
728 1995 831 2050 manet
849 2002 971 2067 semper
984 2004 1079 2048 mrum
1094 2005 1133 2049 ex
1145 1988 1232 2050 iactis

141 2072 504 2154 incomprehensibilibus
521 2075 593 2135 vitae
615 2075 744 2144 Christi3
766 2090 860 2152 quare
884 2073 1072 2135 recentiores
1091 2072 1230 2134 nonnulli

141 2160 336 2223 difficultates
348 2160 438 2221 facile
451 2161 670 2239 complanaturi
683 2162 788 2222 dixere

179 2247 211 2308 l·
221 2247 384 2309 biabolmu
394 2246 508 2309 Christi
521 2254 703 2307 tentatorem
712 2246 804 2309 luisse
815 2247 915 2307 virum
932 2246 1089 2308 hebraeum
1101 2263 1120 2308 s
1132 2247 1231 2325 Syna·

141 2348 225 2412 goga
235 2332 274 2393 ad
284 2332 360 2392 Jesu
368 2331 561 2392 divinitatem
573 2333 790 2408 explorandam
802 2333 935 2393 misssmt.

178 2422 295 2480 Verum
312 2418 369 2479 hac
386 2419 420 2478 lu
438 2420 589 2479 sententia
610 2436 696 2497 mque
716 2418 842 2480 dildelle
861 2437 897 2481 ae
922 2420 956 2480 in
976 2418 1141 2501 hypothesi
1160 2418 1229 2481 veri

138 2506 288 2567 (hemonis
299 2507 466 2584 explicatur
477 2505 508 2563 l⁰
520 2522 575 2565 cur
590 2507 728 2568 Christus
744 2523 776 2566 se
795 2520 812 2565 a
831 2508 885 2567 tali
905 2506 1014 2568 Judaeo
1029 2507 1140 2567 tentari
1159 2522 1229 2586 pcr⁴

139 2592 280 2654 miseriti
292 2591 324 2651 Υ
340 2590 468 2669 Triplex
478 2592 624 2660 tentatio,
635 2592 714 2667 gulae
727 2608 853 2668 nempe,
866 2590 1018 2669 superbiae
1031 2599 1064 2650 et
1074 2591 1227 2661 avaritiae,

138 2684 330 2759 praesumptae
342 2675 425 2737 illius
436 2674 537 2735 ludaei
550 2675 713 2734 intentioni
726 2675 852 2734 minime
864 2676 1064 2744 conveniunt,
1079 2683 1111 2734 et
1128 2672 1161 2732 8⁰
1171 2693 1226 2746 es,

139 2782 210 2843 quar
220 2763 421 2841 Evangelistae
431 2761 471 2820 de
482 2760 595 2837 triplici
608 2759 665 2820 hae
676 2760 845 2819 tentatione
856 2766 980 2818 narrant
991 2758 1117 2819 minime
1126 2759 1226 2820 verifi-

139 2856 292 2912 carentur.
322 2844 498 2927 Quomodo,
515 2846 603 2907 verbi
621 2847 737 2925 gratia,
757 2845 881 2905 sudans
899 2845 959 2906 iste
983 2861 1017 2905 se
1034 2853 1069 2905 ut
1084 2847 1225 2925 angelmus

138 2936 301 2998 tutelarem
313 2935 480 2995 Palaestinae
491 2933 590 3012 gloria
602 2932 821 2993 circumdatum
837 2931 944 2991 sistere
955 2931 988 2990 in
998 2939 1101 2993 monte
1112 2934 1227 3012 potuis·

136 3030 201 3093 set,
213 3028 305 3102 prout
317 3021 455 3081 diabolus
469 3035 508 3078 ex
520 3021 593 3079 buc.
604 3018 638 3088 lt,
652 3017 681 3089 6,
696 3018 803 3078 iecisse
816 3017 980 3094 colligitm.

174 3108 250 3164 ssa.
263 3107 327 3166 Alii
341 3123 378 3166 ex
391 3102 614 3166 recentioribus
626 3104 711 3164 aium
732 3102 846 3167 Christi
867 3104 1068 3162 tentationem
1086 3101 1223 3179 mythum

136 3208 222 3263 esse,
236 3206 304 3251 eam
314 3192 348 3251 in
362 3191 426 3251 sola
442 3189 556 3253 Christi
567 3195 671 3248 mente
683 3188 871 3257 constitisse,
885 3195 917 3247 et
929 3187 1093 3264 allegorice
1109 3204 1224 3266 reprm·

134 3284 398 3356 sentarepugnam
408 3275 535 3335 rationis
551 3292 620 3335 cum
629 3273 832 3335 sensualitate.
844 3275 913 3334 lam
923 3272 1107 3333 existimavit
1118 3280 1224 3333 auctor

136 3364 294 3425 Sermonis
305 3363 345 3424 de
354 3361 472 3442 jejunio
495 3368 526 3421 et
545 3361 764 3422 tentationibus
781 3360 912 3431 Christi,
925 3360 998 3420 olim
1014 3361 1046 3420 S.
1068 3358 1223 3439 Cypriane

135 3448 292 3519 attributi,
304 3466 394 3526 quem
405 3448 545 3508 nonnulli
564 3456 686 3508 veteres
703 3447 799 3508 secuti
813 3456 899 3518 sunt,
914 3454 1008 3507 totam
1020 3446 1221 3505 tentationem
1266 3508 1270 3517 ,
1347 3490 1351 3501 .

134 3532 337 3594 invisibiliter
352 3535 385 3592 in
403 3532 516 3596 Christi
529 3541 633 3593 mente
646 3533 825 3611 contigisse,
838 3530 1091 3610 quemadmodum
1110 3530 1221 3590 similia

133 3618 177 3680 tle
186 3618 349 3680 Ezechiele
361 3620 503 3696 leguntur
516 3616 616 3691 (conl.
631 3637 662 3678 n.
675 3619 727 3677 bltl
740 3623 762 3696 ).

172 3702 231 3764 Ast
242 3703 309 3764 haec
321 3703 498 3783 hypothesis
511 3701 541 3760 l⁰
553 3704 742 3764 manifestam
752 3704 816 3763 vim
826 3700 918 3761 inlert
931 3701 1033 3761 verbis
1045 3700 1221 3778 Evangelia·

134 3794 249 3860 tarum;
260 3789 398 3869 Ypugna
415 3789 472 3849 ista
481 3786 608 3848 rationis
626 3806 695 3848 cum
712 3789 907 3849 sensualitate
923 3788 1065 3865 dignitati
1080 3789 1155 3847 Josu
1171 3803 1220 3848 re·

132 3883 250 3955 pttgnat
256 3895 265 3945 3
276 3875 307 3933 5⁰
317 3877 427 3936 trinam
438 3876 516 3935 hanc
527 3875 725 3936 tentationem
736 3882 788 3935 aut
797 3873 935 3934 Christus
945 3876 1084 3934 autDeus
1091 3876 1218 3952 aposto

133 3958 399 4022 lismanitestavit.
420 3963 499 4021 Num
517 3960 679 4021 ridiculmu
696 3978 758 4020 non
776 3969 823 4019 est
840 3959 983 4020 adserere
1001 3959 1154 4022 Christum
1167 3967 1218 4021 aut

165 4078 250 4134 ¹Vlde
261 4085 439 4146 llaldonatum,
449 4085 543 4133 Catmct
553 4085 579 4133 et
592 4085 778 4146 Schnapptnger
793 4083 819 4130 in
830 4083 949 4145 tlatthml,
962 4097 984 4132 c.
995 4083 1018 4131 h.
1031 4084 1140 4147 Bergier,
1151 4086 1215 4134 illel.

134 4152 167 4203 tle
176 4150 280 4211 rutel..
291 4156 337 4202 art.
348 4154 478 4202 Tentatlon
489 4153 520 4202 de
531 4150 695 4202 lesus-Christ
705 4166 738 4202 au
748 4149 839 4201 desert.

1053 4235 1088 4277 ill·
