2708 4846
396 494 577 548 blanditum
596 496 791 550 sicnoltutt.
1086 496 1133 552 m

94 594 177 651 arunt
210 588 348 651 nonnulli
373 591 558 669 antiquiores
581 591 602 652 ⁸.
623 592 735 653 Eorum
757 591 890 653 rationes
901 592 961 653 huc
984 590 1130 656 redeunt:

94 675 124 736 l⁶
135 677 406 747 conversationes,
419 693 492 755 quas
503 679 583 738 Deus
592 679 625 737 in
634 679 711 740 coelo
721 694 789 739 cum
798 675 869 756 filiis
881 681 951 750 bet,
964 693 1018 738 seu
1027 679 1133 740 minis·

94 780 112 826 s
134 770 188 824 aut
208 761 326 841 angelis
349 762 514 824 instituisse
536 763 650 842 legitur
676 763 709 825 iu
734 764 879 844 Prologo,
900 765 1059 843 singularis
1078 765 1132 826 illo

94 855 231 917 cusator,
247 864 302 908 seu
320 849 423 921 Satan,
434 848 485 926 qui
500 851 706 911 accusationes
722 850 760 911 ad
776 852 833 911 Dei
864 850 999 911 tribunal
1018 850 1130 924 defert,

94 946 212 996 turones
220 933 278 994 ilci
287 951 354 993 cmo
363 933 416 993 ilio
426 941 457 994 et
465 935 558 1014 ipsius
569 953 636 996 curn
646 935 880 1005 Deo,historica
891 952 956 997 esse
966 944 1130 1014 nequeunt.

94 1021 145 1083 rod
161 1022 188 1082 si
208 1019 259 1081 hic
278 1019 435 1099 prologus,
458 1020 511 1098 qui
531 1022 727 1081 substantiam
744 1021 816 1081 libri
833 1022 984 1093 continet,
1004 1039 1066 1083 nou
1086 1029 1133 1085 est

94 1108 234 1177 storicus,
252 1120 309 1165 nec
320 1111 465 1167 tractatus
477 1106 543 1186 ipse
556 1105 681 1167 historia
695 1112 750 1166 cst.

94 1194 123 1257 2⁰
142 1195 202 1254 Ars
219 1208 341 1271 magna,
357 1209 424 1269 quae
442 1193 474 1252 in
494 1193 665 1253 elocutione
681 1193 754 1253 libri
771 1191 885 1263 elucet,
897 1191 1053 1253 historiam
1069 1213 1131 1258 non

94 1281 144 1363 pit.
163 1277 320 1356 Quomodo
337 1277 422 1338 credi
439 1285 553 1358 potest,
568 1278 681 1338 Jobum
700 1278 944 1350 afflictissimum‚
963 1279 1053 1341 bonis
1070 1299 1131 1342 om·

94 1367 146 1427 hus
159 1365 333 1446 spoliatum,
348 1370 379 1424 et
393 1364 500 1425 morbo
517 1364 658 1426 horribili
671 1381 859 1445 percussum,
876 1371 938 1425 tam
950 1367 1131 1432 sublimibus

94 1453 240 1514 rmiuibus
260 1459 365 1511 ettam
380 1450 481 1530 longis
502 1467 540 1511 ex
556 1468 648 1513 arena
667 1468 736 1514 suos
749 1451 861 1513 amieos
873 1452 1034 1514 allocutmn
1047 1472 1130 1527 esso,

94 1555 146 1617 rue
162 1537 218 1598 hos
235 1537 369 1598 vicissim
385 1538 507 1597 sublimi
524 1539 647 1597 omnino
665 1538 751 1617 poesi
770 1552 838 1598 cum
850 1537 903 1596 iilo
916 1541 1131 1602 sermocinatos

94 1626 164 1686 sset
184 1623 368 1684 Incredibile
390 1630 451 1695 est,
464 1628 561 1685 Demn
579 1626 706 1686 metrice
722 1632 825 1686 ettam
837 1623 891 1686 diu
903 1627 1132 1688 eturbinecum

94 1712 135 1773 bo
152 1711 285 1770 locutum
302 1727 383 1780 esse,
397 1719 431 1772 ut
444 1712 508 1791 ejus
520 1711 750 1771 altercationem
762 1728 830 1771 cum
842 1709 948 1771 amicis
961 1710 1129 1774 dirimeret.

94 1795 123 1857 b'
143 1794 330 1874 significatio
343 1802 500 1857 nominum
512 1797 704 1876 propriorum
714 1796 803 1872 huius
815 1797 887 1856 libri
897 1794 1072 1874 parabolam
1082 1800 1131 1860 iu-

94 1884 130 1944 it.
145 1883 196 1944 Sic
209 1885 272 1943 ilus
284 1890 371 1943 sonat
389 1883 556 1953 consitiente,
569 1883 631 1943 Joh
643 1883 689 1942 vir
703 1882 812 1952 deletu,
825 1882 943 1962 Sophar
955 1884 1129 1962 specttlotor,

94 1968 195 2049 iphan,
207 1967 251 2026 lca
264 1968 334 2038 liei,
349 1974 407 2027 etc.
419 1967 548 2027 Nomina
561 1964 690 2028 liliarmn
700 1967 773 2029 Johi
786 1967 888 2030 Cassia
900 1974 932 2029 et
944 1964 1129 2033 Cornustibii

94 2072 159 2117 rutn
167 2054 423 2134 pulchritudinem
436 2053 618 2133 exprimunt.

94 2140 122 2203 i·
143 2141 389 2223 imprecationes,
403 2158 477 2219 quas
497 2141 559 2202 Job
579 2140 708 2222 profert,
721 2158 784 2204 non
804 2142 991 2205 conveniunt
1010 2157 1129 2226 maguae

94 2228 176 2308 mei,
186 2244 252 2308 qum
264 2227 311 2288 illi
323 2227 505 2289 attribuitur.

486 2361 695 2431 scu-uus

94 2484 161 2545 lta.
188 2482 288 2544 Allata
309 2490 484 2565 argmnenia
506 2485 633 2546 minime
654 2487 812 2557 evincunt,
833 2486 949 2548 librum
969 2487 1043 2549 Johi
1061 2504 1128 2551 esse

94 2570 240 2643 saboiam,
261 2572 433 2650 Jobumque
448 2589 510 2632 uon
524 2572 675 2643 extitisse,
690 2588 730 2632 ex
746 2573 785 2633 iis
798 2573 877 2632 nihil
889 2575 972 2636 aliud
985 2576 1128 2638 concludi

94 2667 165 2731 test,
179 2674 268 2737 quam
284 2659 433 2738 integram
445 2660 648 2719 narrationem
659 2674 721 2718 non
734 2674 801 2720 esse
814 2658 971 2720 historiam
985 2662 1128 2725 cumbis-

94 2746 131 2807 ia
148 2745 253 2806 isthaec
271 2745 309 2805 ab
327 2752 449 2806 auctore
464 2751 556 2822 poeta
573 2744 749 2823 scriptasit,
763 2744 868 2804 abillo
882 2747 1063 2807 omataiuit.
1077 2750 1128 2809 Li-

94 2848 143 2893 ιιι
157 2832 231 2893 lobi
248 2831 346 2909 quoad
363 2830 558 2892 substantiam
570 2829 728 2891 historiam
741 2845 822 2900 esse,
837 2846 909 2889 mox
920 2831 1126 2911 prohabimus.

94 2916 231 2981 nmina
251 2918 409 2986 sublimia,
427 2916 537 2993 quibus
557 2916 618 2975 ,lob
630 2932 699 2976 suos
712 2916 838 2987 amieos,
851 2918 963 2987 Demo,
978 2923 1009 2977 et
1021 2916 1128 2978 iratam

94 3016 178 3064 orem
190 3003 366 3081 alloquitur,
381 3009 411 3062 et
423 3002 455 3061 hi
469 3019 538 3062 cum
550 3002 602 3061 illo
616 3002 792 3080 loquuntur,
805 3018 822 3061 a
833 3002 925 3073 Jobo‚
936 3002 1051 3075 amicis,
1061 3004 1127 3064 Deo

97 3103 193 3149 uxore
210 3089 344 3167 proiecta
356 3106 417 3147 non
429 3092 514 3157 suut,
527 3087 581 3147 sed
594 3093 698 3147 auctor
709 3088 783 3146 libri
796 3104 849 3146 eos
860 3094 957 3146 metro
968 3088 1128 3164 loquentes

94 3173 186 3246 luxit,
200 3182 234 3234 ut
247 3175 404 3243 Homerus,
416 3180 447 3233 et
461 3172 606 3251 Virgilius
618 3172 765 3232 inducunt
776 3171 936 3250 loquentes
944 3172 1128 3236 carminibus

94 3260 150 3323 rios
160 3276 318 3341 personas,
332 3277 399 3337 quac
408 3259 530 3320 nonnisi
540 3276 629 3340 prosa
640 3259 749 3321 locutae
759 3259 890 3319 luerunt.

94 3345 216 3425 Quando
239 3345 351 3406 dicitur
367 3347 479 3407 amicos
491 3345 568 3406 'Johi
589 3352 706 3423 septem
718 3346 828 3407 diebus
841 3353 872 3404 ct
883 3343 1012 3405 totidem
1024 3344 1127 3405 nocti-

94 3433 153 3494 tiu
166 3431 287 3493 silentio
301 3448 369 3492 cum
381 3433 435 3492 illo
447 3433 480 3492 in
493 3439 574 3493 terra
583 3433 713 3505 sedisse,
724 3433 809 3494 adest
822 3431 916 3494 dictio
929 3428 1125 3512 hyperbolica

94 3518 249 3598 Scriptura
262 3536 346 3580 sacra
358 3519 438 3579 haud
450 3519 624 3597 infrequens
637 3517 734 3597 (Gen.
748 3520 781 3578 bl
792 3565 800 3592 ,
813 3518 909 3580 teti.
922 3522 991 3579 Act.
1001 3516 1049 3587 ab,
1060 3516 1093 3576 bt
1102 3517 1124 3595 ),

94 3604 277 3683 nihoatque,
291 3623 344 3667 eos
360 3606 521 3667 maximam
539 3614 657 3687 partem
674 3606 762 3685 hujus
774 3604 919 3686 temporis
930 3620 1000 3666 eum
1012 3618 1049 3665 eo
1061 3602 1124 3681 iepe

94 3689 159 3753 itos
170 3692 349 3753 traduxisse.

94 3775 240 3839 Nonnulla
258 3783 358 3836 autem
376 3778 498 3837 nomina
514 3779 636 3857 propria
647 3779 680 3837 in
693 3778 775 3837 libro
787 3777 861 3838 Jobi
872 3772 1123 3855 significationem

94 3858 214 3925 monus
225 3859 360 3922 historiae
372 3860 559 3939 aliquatenus
569 3862 726 3924 relatrvam
736 3862 864 3936 habere
875 3878 984 3921 murum
993 3877 1054 3921 uon
1065 3869 1124 3940 est

94 3954 121 4011 u't
137 3946 198 4013 et
186 3965 222 4009 ιιι
238 3947 307 4010 aliis
323 3948 411 4011 libris
426 3949 540 4012 veteris
555 3950 691 4012 Foederis
703 3950 827 4011 uomina
838 3908 1008 4022 h'rriusmodi
1020 3966 1126 4012 occur-

94 4070 301 4203 libanum,
283 4071 390 4137 Apparet
399 4073 431 4126 de
440 4074 465 4125 ia
475 4074 554 4126 bibio
568 4076 608 4127 Du
619 4075 665 4127 i’iu
674 4076 811 4143 Proleqom.
828 4074 861 4127 do
875 4073 902 4126 la
917 4072 1004 4137 bitte,
1017 4075 1045 4127 et
1059 4077 1124 4131 coni

977 4231 1014 4285 tt.
