2708 4846
182 430 230 485 Μ
631 434 807 484 terenbtx

218 522 333 588 rerum
342 523 530 589 Palaestinam
539 527 705 606 antiquitus
713 526 1243 607 foissereglonemprorsnsamoensn,

181 621 214 674 et
234 614 357 674 omnino
374 613 522 685 fertilem,
540 622 653 693 praeter
672 615 817 692 Moysen,
832 612 1003 684 Davidem,
1021 612 1208 674 Salomonem
1219 622 1246 675 et

179 701 360 770 Jeremiam,
375 699 421 760 Fl.
440 700 591 780 ,losepbus
612 706 746 761 testatur.
768 701 947 769 llecataeus,
966 698 1137 759 Alexandri
1156 700 1245 779 magni

178 794 461 866 contemporaneus,
471 785 564 847 refert
576 786 764 847 Palaestinam
773 784 863 845 fuisse
872 785 1034 862 regionem
1043 785 1245 848 fertilissimam

178 879 210 933 et
221 873 329 935 incolis
341 874 464 934 omnino
481 873 623 934 refertam
639 873 661 931 ¹.
675 872 797 932 Tacitus
807 871 829 940 ¹,
842 871 1025 932 Ammianus
1041 872 1241 943 ntarcelttnn,

176 959 307 1030 Plinius,
322 968 353 1021 et
365 966 511 1039 quotquot
523 976 562 1019 ex
572 956 703 1036 antiquis
714 956 1103 1019 auctoribusdePalaestina
1112 958 1241 1035 loqarendi

176 1043 365 1104 occasionem
377 1041 563 1112 habuerunt,
576 1039 659 1101 idem
670 1038 814 1100 scribunt.
829 1039 945 1098 Plinius
952 1038 998 1098 ait
1010 1039 1239 1119 Hierosolyma

174 1146 236 1190 non
249 1128 432 1190 solummodo
441 1123 680 1192 Palaestinaesed
692 1123 784 1184 etiam
793 1123 883 1183 totlus
893 1121 1034 1184 Orientis
1042 1123 1138 1186 fuisse
1148 1126 1238 1187 uben

174 1217 369 1287 clarissimam
386 1233 394 1273 ε
413 1239 428 1265 α
445 1212 669 1288 Hierosolyma,
694 1210 807 1288 inquit,
832 1208 925 1290 longe
942 1209 1116 1272 clarissima
1133 1208 1236 1275 urbiam

173 1322 191 1359 ι
209 1300 360 1377 Orientis,
373 1316 435 1361 non
448 1297 562 1359 Judaeae
572 1295 663 1356 modo
675 1283 698 1355 ⁵.
714 1316 730 1351 ιι

209 1388 345 1449 lustinus
357 1385 396 1446 de
408 1383 523 1444 Judaeis
534 1382 642 1444 scribit
655 1401 663 1440 ε
677 1381 786 1462 «Opes
796 1381 896 1462 gentl,
912 1396 952 1441 ex
961 1382 1163 1462 vectigalibm
1172 1400 1231 1464 opo

171 1495 189 1530 ι
207 1472 335 1535 balsami
344 1485 470 1532 crevere
484 1487 492 1526 :
506 1469 559 1529 list
566 1483 695 1544 namque
709 1467 814 1540 vallis,
826 1482 894 1546 quae
903 1468 1064 1530 continuis
1080 1471 1229 1541 montibus,

170 1577 189 1617 ιι
207 1558 291 1620 velut
309 1572 395 1617 muro
409 1551 539 1633 quodam
554 1552 648 1612 instar
662 1558 840 1624 castrorum,
859 1550 1020 1633 clauditur.
1039 1555 1229 1634 Spatitmloei

171 1662 188 1701 ι
206 1642 336 1704 ducenta
350 1640 472 1721 jugera,
493 1637 617 1699 nomine
638 1636 764 1698 ,iericho
783 1637 904 1698 dicitur.
930 1640 1016 1699 lnea
1030 1641 1118 1719 sylva
1135 1647 1229 1712 est,et

168 1747 187 1786 ιι
205 1726 344 1788 ubertate
353 1722 704 1801 etamoenitateiusignis.
711 1721 865 1800 Siquidem
871 1722 1007 1803 palmeto
1014 1732 1049 1785 et
1055 1727 1229 1809 opobalsamo

168 1833 186 1871 ι
205 1812 420 1891 distinguant
436 1817 467 1871 et
478 1808 602 1871 arbores
613 1808 798 1887 opobalsami
812 1808 937 1868 formam
944 1808 1081 1871 similem
1092 1813 1229 1892 piem

167 1919 185 1958 ι
204 1899 330 1960 boribus
338 1897 470 1966 hubent,
484 1895 542 1959 nisi
553 1892 633 1973 quod
646 1898 715 1954 suut
726 1892 856 1954 humiles
868 1895 981 1974 magis,
999 1904 1034 1957 et
1044 1898 1077 1958 in
1089 1896 1228 1960 vineam

165 2002 184 2042 ιι
202 2000 319 2045 morem
329 1983 515 2045 excoluntur.
535 1981 590 2039 llae
606 1985 690 2039 certo
703 1979 773 2038 anni
786 1978 924 2058 tempore
938 1979 1111 2042 belsammn
1125 1981 1225 2044 sudus

165 2087 184 2127 ιι
201 2070 266 2131 Nec
284 2087 345 2130 non
360 2069 460 2128 minor
475 2066 535 2127 loci
552 2062 617 2143 ejus
629 2063 801 2144 opacitatis,
815 2078 906 2140 quam
919 2065 1073 2129 ubertatis
1087 2067 1227 2131 &mtto

164 2174 183 2213 ιι
201 2164 257 2216 est.
267 2155 388 2234 Quippe
399 2170 467 2215 cum
479 2159 542 2212 toto
555 2151 629 2211 orbe
647 2150 781 2229 regionis
794 2148 859 2228 ejus
873 2150 1107 2218 ardentissimus
1119 2155 1161 2217 sol
1169 2156 1205 2214 alt
1215 2199 1222 2224 ,

163 2259 182 2299 ι
198 2241 244 2301 ibi
258 2241 353 2319 tepidi
365 2242 443 2300 atris
459 2237 602 2298 naturalis
615 2235 752 2314 quaedam
767 2252 802 2297 ac
818 2245 966 2316 perpetua
978 2241 1117 2319 opacitas
1125 2229 1223 2304 esti»

198 2326 374 2393 Palaestina,
388 2322 538 2401 quondam
549 2322 716 2383 cultoribus
727 2323 837 2383 referta
854 2331 916 2383 tam
929 2324 1075 2388 fecunda
1087 2372 1095 2399 ,
1108 2336 1224 2411 posteat

159 2410 297 2489 Babylon
308 2413 352 2479 is,
364 2409 533 2488 Qyptiis,
545 2409 644 2486 Syris,
656 2410 808 2484 Romanis,
817 2410 992 2481 Saracenis,
1002 2414 1163 2485 drabibus,
1172 2421 1220 2476 ste.

158 2497 271 2577 sapius
284 2495 453 2564 devastata,
472 2500 503 2554 et
519 2492 686 2554 cultoribus
698 2509 733 2554 ac
745 2494 853 2557 incolis
864 2496 1076 2578 maximopere
1087 2500 1220 2582 spoliata,

160 2586 289 2647 etmodo
301 2584 410 2645 Tureis
426 2581 575 2661 subjecta,
590 2579 712 2641 defectu
729 2581 877 2642 cultorum
892 2583 956 2643 fere
969 2587 1088 2648 sterilis
1100 2596 1160 2660 est3
1175 2586 1221 2650 sed

158 2671 286 2732 testibus
302 2664 469 2730 viatoribus
485 2666 640 2728 modernis
657 2666 759 2727 multis
774 2667 805 2727 in
819 2666 896 2729 locis
908 2669 1010 2731 adbuc
1023 2673 1154 2752 antiqua
1168 2687 1218 2734 sm

156 2759 358 2820 fecunditatis
370 2773 405 2817 ao
418 2755 597 2817 amoenitatls
610 2755 737 2834 vestigia
750 2756 861 2817 retinet
876 2775 884 2815 :
901 2757 996 2818 variis
1012 2760 1097 2820 enim
1115 2761 1145 2821 in
1156 2759 1219 2820 locis

155 2846 270 2907 fruetus
283 2845 462 2922 qmcumque
473 2842 538 2903 sine
549 2840 609 2900 ulla
621 2841 684 2900 fere
696 2839 811 2902 cultura
825 2850 980 2914 crescunt,
994 2853 1027 2905 et
1034 2846 1091 2907 ubi
1103 2847 1217 2909 cultores

154 2931 236 2992 baud
253 2930 361 2992 desunt
379 2928 566 3012 abundanter
583 2926 699 2987 adsunt.
721 2927 808 2988 Vites
819 2927 945 2991 minime
965 2926 1116 2994 deficismt
1130 2978 1138 3004 ,
1154 2932 1216 3003 licet

152 3016 263 3091 Tuscae
275 3016 346 3076 sisso
358 3032 419 3076 non
430 3021 560 3076 utantur.
572 3013 729 3082 lumenta,
742 3010 888 3090 pecudes,
899 3014 988 3084 ferae,
1002 3032 1092 3088 ares,
1106 3014 1214 3079 arbores

152 3102 319 3181 frugiferae,
332 3101 432 3180 fruges
441 3108 529 3160 terrae
542 3097 638 3158 omnis
649 3098 769 3206 qeneris
782 3095 863 3161 haud
875 3096 999 3171 desunt,
1011 3100 1212 3183 praescrtimiu

151 3181 651 3262 locis,ubiincolaenondefieiunt
674 3227 682 3243 .

479 3326 496 3396 s
510 3331 539 3379 v.
549 3354 579 3367 -
588 3330 729 3392 Temperies
740 3329 883 3385 hlaine.

181 3468 257 3522 elz·
269 3464 398 3525 Genesis
405 3461 434 3531 8,
442 3461 489 3530 22,
505 3479 599 3524 annus
615 3481 699 3529 more
708 3463 908 3527 Orientalium
920 3465 953 3527 in
964 3483 1020 3531 sex
1029 3474 1133 3548 partes
1142 3465 1207 3533 diri

143 3552 242 3624 ditur,
255 3567 344 3631 quam
356 3549 534 3610 divisionem
542 3548 593 3611 hio
605 3568 773 3629 sequemur.

175 3676 281 3725 illecat
298 3675 362 3736 apud
377 3675 413 3723 n.
428 3675 560 3735 tosepbun
578 3675 662 3724 eontra
676 3675 803 3739 Apionem,
814 3699 843 3725 -..-
854 3671 956 3726 luant.
970 3677 1061 3728 annal.
1076 3678 1121 3729 lib.
1138 3678 1205 3733 tt.-

141 3741 231 3793 ullu.
246 3746 309 3793 llist.
321 3747 372 3795 nat.
384 3744 428 3795 tit.
438 3744 492 3803 d‚e
517 3742 555 3793 tt.
567 3738 617 3778 ..t
627 3744 690 3792 Just.
706 3744 769 3802 illst.
784 3744 828 3793 lib.
839 3740 878 3793 56.
891 3769 922 3781 -
933 3741 1017 3799 ⁸Vfde
1034 3746 1135 3798 Gudnde
1146 3761 1154 3797 ε
1164 3747 1204 3796 bt·

141 3813 261 3862 cherebes
275 3826 317 3860 sur
333 3810 448 3862 laludio
464 3809 604 3863 consideres
619 3812 876 3877 principatenestpar
885 3816 989 3877 rapport
1003 3812 1018 3865 a
1034 3818 1058 3865 fa
1071 3813 1169 3867 fertllltt
1178 3815 1202 3863 ds

138 3883 312 3931 anemone
326 3882 413 3943 depuis
427 3882 449 3930 la
464 3877 581 3943 eaptivitd
597 3881 628 3931 de
643 3883 766 3942 babylone
777 3878 873 3945 jusqu’i
886 3888 960 3935 notre
972 3886 1070 3951 temps,
1080 3885 1202 3945 tombis

138 3947 235 3998 utne
245 3948 277 3996 ds
285 3952 404 4013 quelques
409 3950 483 4013 iniis,
493 3954 558 4012 eto,
568 3947 583 4000 i
593 3952 624 4001 ll.
635 3951 666 4000 de
677 3952 882 4014 l'oltalre,l³aris,
894 3953 965 4016 tslt,
976 3969 1033 4019 pag.
1044 3956 1101 4019 iil,
1109 3960 1155 4011 tlt·
