2708 4846
469 483 658 534 Ltuuoutlrt
676 483 879 534 sectionum.
1169 483 1216 537 113

125 575 267 640 Christus
276 580 308 634 et
317 574 456 654 Apostoli
469 575 554 635 illam
568 576 636 635 loco
649 583 749 636 textus
759 575 876 636 hebraei
883 590 965 655 saepe
971 575 1169 655 adegerunt,
1184 586 1216 638 ct

126 661 269 742 Apostoli
292 661 387 737 ipsam
405 660 552 722 Ecclesiis
571 661 752 725 Christianis
771 661 962 722 tradiderunt
982 660 1114 743 (11.111).
1134 663 1215 724 Hinc

126 764 233 808 omnes
245 745 391 806 Ecclesiae
404 745 519 807 Graecae
532 747 664 823 antiquae
677 746 730 807 illa
743 748 885 808 versione
895 765 957 808 usae
966 755 1050 818 sunt,
1070 755 1101 808 ct
1115 750 1214 809 versio

126 832 234 893 ltalica
252 831 366 892 veteris
384 830 540 903 Eoederis,
562 848 653 909 quam
673 834 811 893 Ecclesia
835 833 943 893 Latina
962 833 1102 894 adhibuit
1119 848 1215 911 usque

126 919 200 980 dum
219 917 331 979 saeculo
354 918 484 989 septimo
505 919 607 977 versio
626 917 860 995 hieronymiana
878 920 924 978 illi
940 920 1102 981 substituta
1115 929 1214 991 esset,

123 1006 209 1085 juxta
218 1003 722 1065 Alexandrinamversionemiacta
732 1006 798 1064 tuit.
809 1007 939 1065 Veteres
953 1009 1137 1085 interpretes
1148 1024 1215 1068 eam

125 1089 196 1151 loeo
208 1096 309 1150 textus
319 1088 468 1168 primitivi
479 1088 631 1165 quondam
641 1091 872 1159 cousuluerunt,
888 1097 919 1149 et
928 1091 1048 1166 quando
1059 1093 1215 1153 versiones

124 1194 184 1257 pro
200 1176 321 1255 populis
338 1174 377 1235 ad
393 1173 485 1235 fidem
502 1176 658 1236 conversis
676 1176 826 1236 faciende
847 1184 952 1248 eraut,
972 1177 1215 1255 frequentissima

124 1261 213 1340 juxta
226 1261 399 1327 versionem
409 1262 488 1320 Lxx
503 1263 704 1338 lnterprctum
714 1262 948 1321 exornabantur.

164 1349 255 1408 Multi
279 1349 370 1407 immo
390 1347 563 1407 versionem
589 1347 829 1408 Alexandrinam
850 1357 883 1408 ut
905 1348 970 1426 ejus
995 1349 1214 1428 interpretibus

127 1433 276 1494 divinitus
293 1433 469 1510 inspiratam
491 1432 645 1502 habuere,
670 1442 701 1493 et
724 1436 755 1495 S.
782 1437 1004 1512 Hieronymus,
1023 1436 1076 1514 qui
1093 1436 1214 1497 111011-

127 1536 238 1600 genes,
257 1518 329 1579 huic
343 1520 533 1598 inspirationi
547 1517 639 1580 tinem
652 1537 712 1581 nou
731 1520 913 1592 adhibebat,
934 1529 965 1582 ct
978 1522 1114 1583 deiectus
1127 1522 1214 1585 istius

128 1605 279 1666 versionis
291 1605 386 1683 probe
396 1605 555 1675 noscebat,
570 1605 650 1684 apud
663 1607 774 1666 multos
786 1608 865 1667 male
878 1606 989 1676 audiit,
1004 1607 1086 1685 quod
1103 1625 1214 1669 novam

128 1691 302 1752 versionem
314 1691 438 1750 latinam
447 1689 530 1765 juxta
543 1697 659 1750 textum
675 1691 852 1762 hebraeum,
868 1699 900 1751 et
917 1710 979 1750 non
997 1690 1083 1766 juxta
1100 1695 1214 1754 versio-

127 1793 200 1837 nem
211 1777 500 1855 Llllllntcrpretum
510 1776 717 1836 elucubrabat.
732 1777 762 1837 S.
777 1777 1008 1837 Doctorcrebro
1018 1780 1215 1854 conqueritur

129 1859 169 1922 de
183 1861 408 1939 persecutione,
420 1877 488 1936 quae
501 1860 531 1919 ei
544 1859 601 1921 hae
612 1860 651 1920 de
661 1876 751 1920 causa
760 1867 842 1919 mota
855 1860 937 1919 iuit¹.
947 1881 963 1915 (1
969 1860 1085 1937 Cogor,
1100 1862 1212 1935 aiebat,

129 1963 147 2001 1
163 1962 221 2022 per
231 1945 365 2023 singulos
378 1945 540 2022 Scripturte
549 1945 668 2004 Divinae
676 1944 772 2004 libros
778 1943 1019 2004 adversariorum
1028 1947 1214 2025 respondero

130 2052 148 2088 1
163 2029 352 2100 maledictis,
365 2032 418 2107 qui
431 2031 717 2110 interpretationem
735 2047 835 2090 meam
852 2030 1125 2110 reprehensionem
1141 2035 1215 2114 Sep-

130 2136 148 2174 1
165 2117 302 2195 1111111111
316 2117 517 2194 lnterprctum
528 2115 729 2176 criminantur
741 2116 763 2174 ¹.
779 2137 795 2171 1

168 2203 276 2262 versio
290 2201 497 2262 Alexandrina
512 2201 618 2278 primis
634 2201 780 2262 Ecclesiae
793 2202 912 2263 seculis
923 2201 1001 2263 adeo
1016 2203 1124 2263 usitata
1137 2204 1212 2275 luit,

129 2293 165 2348 ut
178 2287 210 2348 S
225 2287 409 2366 Augustinus
420 2285 529 2346 saeculo
542 2286 699 2363 quintode
710 2287 762 2347 illa
775 2287 906 2348 diceret:
918 2309 933 2343 11
945 2289 1031 2350 Hanc
1040 2307 1124 2367 ‚quae
1134 2292 1213 2353 Lxx

131 2376 227 2438 nest,
247 2376 397 2445 tamquam
415 2368 479 2428 sola
498 2375 592 2438 esset,
611 2369 786 2447 sicrecepit
806 2370 958 2443 Ecclesia,
981 2387 1078 2449 eaque
1091 2381 1216 2435 utuntur

131 2474 149 2512 1
167 2455 261 2534 graeci
273 2454 378 2563 populi
391 2454 549 2515 christiani
559 2473 715 2533 ,quorum
719 2457 859 2534 plerique
873 2465 973 2519 utrum
989 2460 1029 2519 sit
1044 2459 1104 2521 alia
1113 2461 1214 2540 aliqua

132 2557 150 2596 ι
166 2538 312 2685 ffiffi
323 2560 461 2700 sequium
475 2623 649 2682 versionem
663 2623 902 2685 Alexandrinam
919 2623 1089 2686 adhucdum
1106 2645 1214 2707 magna

130 2710 248 2792 pollere
261 2714 438 2773 auctoritate
454 2709 574 2785 quando
591 2725 660 2767 cum
674 2714 759 2768 textu
770 2709 910 2781 hebraeo,
925 2718 976 2769 aut
987 2714 1123 2773 melioris
1134 2723 1214 2775 notae

131 2797 323 2859 versionibus
334 2795 466 2874 antiquis
479 2791 657 2852 concordat.

464 2928 577 2996 §XVllL
588 2927 675 2977 versio
685 2938 763 2989 1111111
775 2928 877 2990 Aquilae.

167 3053 242 3110 11111.
258 3050 350 3109 Nulla
362 3049 421 3109 alia
434 3050 534 3109 versio
543 3048 705 3108 Librorum
717 3050 990 3111 sacrorumveteris
998 3052 1135 3114 Eoedcris
1143 3063 1216 3118 ante

131 3136 287 3205 cirristum
310 3141 394 3193 certo
416 3135 516 3194 extitit
539 3151 630 3210 quam
649 3133 702 3191 illa
718 3135 797 3192 Lxx
815 3134 1018 3211 lnterprctum
1035 3135 1126 3197 dicta.
1145 3141 1217 3202 Post

132 3223 287 3289 Christum
299 3226 402 3277 natum
417 3219 495 3279 intra
508 3213 704 3279 1111190150
716 3235 786 3276 aerae
796 3217 929 3296 vulgaris
942 3218 1032 3279 aliam
1044 3222 1217 3286 versionem

130 3325 262 3409 grecam
273 3305 387 3367 veteris
396 3304 553 3368 Foederis
542 3313 626 3384 Juxta
639 3312 753 3365 textum
764 3304 921 3365 hebraeum
935 3307 1092 3368 exornavit
1105 3310 1217 3386 Aquila

130 3395 256 3458 natione
276 3392 434 3463 Ponticus,
453 3393 505 3469 qui
524 3390 658 3470 juxtas.
677 3378 848 3451 lreuaeum
864 3392 939 3451 etS
959 3387 1214 3471 llieronymumfl

131 3499 168 3544 ac
177 3481 282 3558 juxta'
274 3496 370 3559 ipsam
381 3479 522 3540 vertendi
535 3480 685 3539 rationem
696 3477 821 3539 iudaeus
833 3478 900 3539 luit.
911 3480 942 3540 S.
954 3481 1174 3591 Hieronymus
1175 3485 1218 3544 ait

133 3587 151 3624 κ
168 3564 342 3625 Judaeosll.
356 3564 458 3624 Aliba
477 3565 652 3643 magistrum
673 3564 793 3641 Aquilae
814 3564 962 3643 proselyti
979 3555 1184 3628 autumasse‘.
1200 3588 1217 3624 1

133 3652 165 3714 S.
180 3650 365 3729 Epiphanius
379 3650 464 3729 plura
476 3657 615 3729 suspecta
628 3650 667 3710 de
682 3651 792 3728 Aquila
804 3651 909 3710 reteri.

170 3736 301 3797 Videtur
318 3737 429 3813 Aquila
446 3735 524 3798 hano
537 3737 710 3796 versionem
726 3737 911 3814 suscepisse,
928 3742 962 3795 ut
979 3736 1095 3798 ludaeis
1111 3738 1217 3798 Helle·

131 3821 224 3884 mistis
236 3820 414 3882 ostenderet
429 3838 497 3898 quae
517 3820 550 3879 in
568 3828 653 3881 textu
664 3821 789 3882 hebraeo
801 3837 875 3882 vere
888 3822 1100 3882 contineantur
1106 3842 1115 3893 ;
1127 3831 1217 3902 atquc

165 3952 1216 4020 111111111111111111111111111111.8.11111111.51.011.1.1.-’111111111111111

132 4023 1216 4088 1111111.311111111111111111111111.18.-.111111.1,1111-11111111

133 4096 233 4146 miei.
246 4094 327 4144 111111.
337 4083 556 4144 tota-‘uterer
569 4093 705 4144 Commeat.
717 4094 742 4144 11
754 4094 855 4144 1111111.
868 4096 891 4143 1.
