2708 4846
138 433 173 492 10
539 432 585 491 ltu
598 437 809 490 utvlttlt'luu

138 520 433 610 rumsih'yllinornm
448 530 778 615 distingnitninprima
788 528 916 593 collocat
928 513 1212 609 genuinacarmlnt

139 618 289 697 Sibyllina
302 635 370 696 quae
386 618 423 680 76
441 635 519 681 anno
541 627 611 681 ante
625 619 778 685 Christum
790 634 859 679 oum
875 614 1027 697 Capitolio
1039 612 1074 674 in
1090 612 1213 675 cineres

138 704 263 767 redacta
270 703 401 765 menno.
414 706 449 767 ln
461 705 593 767 secunda
601 706 688 787 pouit
697 721 749 779 aa,
762 721 831 783 quaa
848 700 977 765 Romani
990 699 1064 762 dein
1079 698 1214 778 eollege-

137 799 222 864 nant,
237 799 270 854 et
285 810 412 870 quorem
428 793 595 874 fragmenta
611 798 772 857 occurent
783 791 863 871 apud
879 788 1087 861 Plutarchum,
1100 785 1213 846 Varro-

138 894 225 950 nem,
246 878 395 951 Tullium,
413 880 578 958 virgilium
593 879 728 957 aliosque
748 879 911 957 scriptores
926 889 1077 936 romanoe
1094 871 1213 937 Collec-

74 1039 83 1046 ..
138 963 255 1026 tionem
273 963 382 1025 horum
404 966 579 1032 carminum
598 965 727 1029 stilicon
749 980 820 1026 eaeo.
839 964 945 1042 quinto
962 964 1069 1024 Romae
1083 956 1213 1020 tlammir

131 1047 292 1109 madidis&
313 1051 521 1114 celeberrima
531 1057 601 1113 enmt
614 1051 769 1122 Carmina,
787 1067 856 1127 qnae
872 1053 1036 1112 occursant
1046 1043 1129 1127 apud
1141 1043 1214 1106 Vir·

137 1133 246 1215 gilitnn
255 1135 368 1217 Edoga
379 1137 631 1216 quartaSieelidea
642 1138 753 1208 uoce,
766 1143 825 1198 eto.

349 1275 439 1328 Ultima
448 1273 891 1336 cnmatveniliamtlarmlulsaetaa‚

348 1345 598 1408 lingnueahintegro
607 1345 736 1395 saelorum
745 1341 934 1392 naaclturordo.
1224 1364 1226 1371 ·

294 1423 297 1429 ⁴
348 1415 405 1464 lum
413 1415 479 1464 redit
488 1417 515 1465 et
525 1415 612 1476 Virgo,
622 1415 728 1465 mdeuut
736 1414 851 1463 Saturnia
860 1425 950 1475 regna,
1221 1376 1226 1470 l

348 1484 405 1534 iam
413 1497 478 1534 nora
487 1486 618 1547 progenies
628 1487 691 1534 ooelo
700 1485 840 1535 demittitur
849 1484 910 1534 alto.

138 1602 245 1668 Tertia
255 1603 367 1670 Classis
377 1603 587 1684 complectitur
600 1612 669 1667 octo
680 1604 778 1666 lihros
794 1601 969 1668 carminum
978 1596 1212 1680 sibyllinum

137 1690 322 1754 Bthtiotheooe
331 1693 456 1753 Petrum
467 1692 604 1762 nemos,
613 1690 669 1753 sed
679 1707 748 1768 quae
762 1689 874 1752 eruditi
888 1687 1028 1749 moderni
1039 1685 1152 1748 saeeulo
1165 1699 1216 1746 sa·

137 1777 238 1838 eundo
259 1774 388 1839 conficta
410 1794 477 1839 esse
501 1777 704 1839 consentiunt.
729 1777 837 1841 Cicero
857 1773 919 1853 jam
940 1791 993 1836 suo
1014 1778 1154 1851 tempore
1174 1768 1214 1831 (le

137 1859 323 1940 sibyllarum
340 1861 551 1926 Carminibus:
574 1881 591 1920 e
611 1862 747 1934 Callida,
767 1848 903 1932 aiebat',
926 1860 979 1940 qui
998 1859 1053 1920 illa
1073 1854 1215 1922 Carmina

137 1948 533 2028 »composuitperiecitsut
542 1947 752 2027 quodcunque
762 1947 932 2019 accidisset,
943 1944 1122 2027 praedictum
1130 1941 1216 2005 vido-

138 2041 262 2095 aretum.
275 2054 292 2091 a
305 2034 391 2095 Idem
404 2034 549 2095 Tulliusa
561 2034 679 2112 Sibylla
689 2035 867 2112 praedictum
878 2031 1078 2110 luisseinquit
1089 2051 1097 2091 :
1109 2032 1217 2092 Romu·

136 2134 191 2180 aea
202 2120 263 2181 ahi
270 2117 470 2197 regeqaodom
477 2121 576 2198 ogrtito
588 2119 686 2181 satem
698 2138 757 2181 ease
769 2119 849 2180 houd
856 2137 957 2202 peasa·
968 2127 1014 2181 ast
1023 2135 1145 2200 regem,
1155 2116 1223 2193 ait,¹

137 2204 244 2267 liomae
255 2222 314 2266 neo
324 2206 376 2266 Dii
387 2222 446 2267 nee
458 2205 599 2268 homines
612 2207 806 2268 sufferebant.

175 2291 253 2354 Cum
262 2289 402 2351 nonnulli
411 2291 528 2369 antiqui
538 2291 643 2354 Patres
655 2292 756 2370 aliqua
771 2293 905 2353 earmina
914 2289 1217 2369 Sibyllinatanquam

137 2376 285 2439 vaticinia
296 2376 336 2438 de
349 2376 470 2440 Christo
484 2394 520 2440 ac
533 2379 573 2441 de
584 2377 648 2458 ejus
660 2379 811 2460 religione
821 2380 1026 2452 continentia,
1038 2377 1164 2459 paganis
1172 2374 1218 2438 al·

137 2459 280 2540 legerint,
286 2461 461 2527 existimant
470 2463 577 2542 aliqui,
585 2465 653 2528 haee
662 2466 795 2528 carmina
804 2466 978 2527 authentica
988 2472 1020 2526 et
1027 2480 1102 2526 vera
1110 2463 1215 2534 fuisse,

138 2544 295 2625 Deumque
307 2546 446 2625 sibyllis,
462 2554 497 2608 ut
514 2550 651 2622 Balaam,
667 2550 705 2613 ad
722 2549 948 2613 vaticinantium
958 2560 1046 2612 namn
1058 2564 1136 2610 esse.
1149 2546 1217 2608 Alii

138 2645 214 2692 vero
225 2632 324 2703 aiunt,
335 2631 429 2694 hosce
438 2633 543 2695 Patres
553 2636 679 2699 minime
689 2636 834 2716 allegasse
847 2636 980 2697 earmina
989 2635 1022 2696 in
1036 2630 1218 2695 Bthh'otheeu

27 2722 32 2729 '
138 2718 263 2781 Putrem
272 2716 362 2779 modo
378 2719 526 2794 extantia,
541 2721 597 2782 sed
609 2721 677 2794 illa,
689 2738 757 2800 quae
769 2721 851 2783 inter
862 2722 998 2800 Paganos
1008 2727 1073 2781 tum
1084 2719 1218 2781 circm-

139 2801 330 2875 lerehautur,
348 2818 459 2882 eosque
477 2805 517 2866 de
529 2806 758 2868 authenticitate
775 2812 807 2867 et
824 2806 990 2867 veracitate
1011 2821 1117 2866 eorum
1133 2798 1218 2864 hanel

139 2886 301 2959 sollicitos,
314 2895 490 2965 argumento
503 2890 541 2950 ad
552 2890 707 2951 hominem
721 2907 791 2952 usos
802 2907 884 2962 esse,
898 2896 1122 2969 consequenter
1132 2886 1217 2950 exis-

139 2969 295 3045 timassei,
313 2989 418 3033 eorum
435 2972 648 3052 allegationem
660 2975 833 3036 christianae
844 2975 986 3054 religioni
1002 2976 1104 3053 aliquo
1121 2974 1216 3036 modo

7 3121 18 3148 ἢ
137 3056 247 3119 utilem
256 3057 998 3143 esse‚lieetauthentioanonessentPhilosophus
1006 3058 1218 3140 Celsusscrip-

139 3147 221 3203 tores
233 3144 412 3206 christianos
423 3145 489 3205 haec
498 3146 633 3206 carmina
645 3146 772 3208 citantes
784 3146 953 3227 Sibyllistas
961 3161 1019 3225 per
1028 3144 1217 3206 derisionem

138 3229 321 3308 appellabat.
338 3230 373 3291 ld
386 3237 517 3304 ocrim,
530 3232 672 3297 Carmina
688 3232 838 3311 Sibyllina
852 3232 885 3292 in
901 3231 1078 3292 Bibliotheca
1090 3232 1216 3292 Petrum

138 3317 274 3376 extantia
286 3317 443 3378 continere
453 3317 666 3396 praedictiones
677 3318 857 3379 clarissimas
867 3318 905 3379 de
919 3318 1050 3382 Christo.
1063 3315 1217 3378 Ulhmmu

135 3394 285 3476 indicium
297 3407 328 3460 et
339 3401 473 3463 internus
487 3402 533 3461 ibi
545 3400 627 3463 clare
640 3403 857 3482 exprimentem,
868 3411 939 3477 ete,
952 3420 1045 3482 quare
1059 3404 1098 3465 ab
1111 3403 1216 3484 aliquo

138 3483 310 3546 Cluishano
321 3485 430 3546 saeculo
442 3486 576 3549 secundo
587 3489 752 3567 composita
764 3504 832 3551 esse
843 3488 996 3551 videntur.

170 3602 219 3658 ¹ln
227 3609 316 3658 Codice
326 3609 385 3658 Can.
395 3609 491 3672 putuit.
501 3612 566 3661 Eoel.
577 3612 703 3663 vindicato
712 3614 738 3663 el
747 3614 867 3663 illustrato
877 3613 921 3663 lih.
933 3614 957 3674 l,
968 3626 991 3661 c.
1002 3610 1216 3677 te,n.xetx1,

139 3676 312 3729 Amatelodaml
322 3680 391 3730 tent.
399 3703 430 3716 -
440 3677 566 3731 ²1tutilius
580 3683 740 3732 Numatinnua
753 3683 838 3732 ltlner.
849 3685 867 3732 l.
879 3685 940 3732 9.-
951 3679 1052 3732 itini
1067 3683 1099 3734 de
1108 3682 1216 3735 utalaa-

138 3746 351 3883 mellingi&
359 3752 523 3818 ueterem-om
536 3755 584 3806 loo.
595 3757 639 3813 cit.
649 3769 676 3816 n,
689 3758 721 3813 lv
732 3757 759 3808 et
771 3758 804 3808 ol.
820 3758 934 3822 Bergier,
947 3757 1013 3807 Diet.
1027 3753 1215 3820 nannenten.
