2708 4846
599 525 797 574 consensio.
1192 523 1238 572 teo

96 588 100 593 Ι
194 623 229 680 ln
247 616 399 696 Scriptura
411 633 495 679 sacra
513 618 586 678 novi
603 618 739 678 Foederis
750 616 890 694 majestas
902 616 1000 677 divini
1013 616 1178 678 fundatoris
1190 633 1238 679 sa·

156 711 320 766 crosanctae
331 710 440 762 nostrae
452 702 608 780 religionis
619 720 674 762 nos
681 702 712 761 in
720 701 950 762 admirationem
957 718 992 762 ac
998 710 1152 781 stuporem
1158 704 1235 781 agit;

154 786 314 854 sanctitas,
334 784 527 863 simplicitas,
540 791 571 849 et
589 784 758 844 sublimitas
776 781 840 859 ejus
851 782 998 843 doctrinm
1011 789 1064 844 cor
1075 785 1173 863 ipsum
1188 803 1238 846 ra-

154 872 257 950 piunt,
276 877 469 931 commovent
485 886 520 930 ac
542 870 580 929 ad
602 871 746 929 virtutem
763 869 901 930 incitant.
920 867 1118 948 Contemptus
1131 871 1237 949 gloriae

153 956 369 1034 Apostolorum
382 954 512 1026 Christi,
525 955 752 1015 commodorum
762 956 934 1033 neglectus
954 964 1116 1053 paupertas
1129 958 1237 1018 volun-

152 1042 247 1115 taria,
261 1059 345 1102 amor
365 1043 398 1101 et
408 1043 596 1111 reverentia
611 1042 721 1119 quibus
733 1042 869 1102 divinum
882 1059 969 1102 suum
965 1036 1155 1119 magistrum
1166 1061 1237 1122 pro·

100 1143 106 1148 ·
151 1125 333 1204 sequuntur,
347 1127 456 1187 ardens
477 1126 553 1186 illud
573 1127 720 1197 studimn,
742 1145 802 1205 quo
815 1122 999 1187 calestem
984 1125 1048 1202 ejus
1065 1127 1235 1187 doctrinam

150 1221 335 1292 propagant,
348 1213 469 1274 labores
485 1229 520 1273 ac
533 1213 775 1291 persecutiones,
795 1229 868 1290 quas
881 1214 914 1272 in
931 1213 1141 1272 defensionem
1152 1214 1234 1274 illius

150 1297 230 1356 ultro
249 1299 420 1376 patiuntur3
442 1303 474 1358 et
494 1314 576 1356 mors
592 1298 743 1368 violenta,
759 1314 848 1374 quam
861 1315 915 1376 pro
927 1298 1057 1358 veritate
1068 1298 1151 1358 illius
1161 1299 1234 1358 suh·

150 1392 240 1455 eunt,
254 1384 408 1463 aptissima
420 1383 538 1443 suntad
551 1402 606 1443 nos
620 1384 741 1444 archus
754 1385 883 1444 terrenis
895 1401 930 1443 ac
943 1384 1087 1462 perituris
1099 1384 1233 1445 avellen-

149 1469 215 1538 dos,
226 1471 290 1528 Deo
303 1469 484 1546 Christoque
497 1476 576 1531 totos
589 1469 763 1540 tradendos,
775 1471 943 1550 dignosque
952 1470 1105 1532 ministros
1115 1471 1230 1533 Christi

148 1554 387 1633 constituendos.

185 1638 333 1699 Sacerdos
348 1637 439 1698 modo
452 1638 558 1699 debito
576 1639 739 1717 Scripturae
750 1654 844 1699 sacrae
856 1638 956 1698 studio
968 1655 1092 1715 operam
1104 1656 1227 1710 navans,

146 1741 208 1784 non
219 1723 376 1784 dumtaxat
387 1722 585 1801 semetipsum
602 1722 718 1782 salvum
730 1722 817 1792 lacit,
829 1722 883 1782 sed
898 1723 991 1781 etiam
1008 1738 1065 1791 eos,
1083 1723 1229 1800 quiritum

147 1809 285 1879 oudiaort,
297 1827 353 1869 seu
372 1826 501 1886 quorum
518 1802 594 1869 'cura
615 1808 662 1867 illi
676 1815 722 1869 est
734 1806 918 1867 concredita.
933 1806 1063 1867 Assidua
1074 1808 1155 1867 enim
1166 1809 1229 1871 lee-

146 1895 232 1954 tioue
247 1895 407 1957 Librorum
430 1909 583 1953 sacrorum
600 1893 710 1971 spiritu
720 1908 825 1952 eorum
839 1892 987 1961 imbutus,
1001 1892 1141 1971 exemplo
1153 1895 1227 1955 lesu

145 1979 271 2057 ejusque
285 1979 501 2057 discipulorum
516 1980 640 2058 propria
652 1977 810 2039 commoda
823 1977 990 2038 commodis
1007 1976 1135 2037 aliorum
1146 1987 1227 2057 post-

144 2073 248 2144 ponet,
263 2067 308 2126 eis
320 2063 418 2126 ollicia
431 2066 478 2126 sui
493 2073 587 2126 status
598 2064 755 2145 praeferet,
769 2080 856 2124 vanae
873 2063 979 2142 gloriae
995 2080 1056 2121 non
1077 2062 1224 2136 inhiahit,

143 2151 264 2212 divitiis
285 2169 347 2211 nou
371 2149 523 2219 studebit,
548 2151 651 2210 munia
671 2151 754 2210 vires
776 2148 948 2227 superantia
970 2146 1010 2206 ob
1029 2148 1146 2209 lucrum
1163 2169 1225 2211 non

143 2245 275 2315 qureret,
295 2236 350 2297 sed
369 2253 472 2296 amore
494 2236 552 2296 Dei
574 2252 609 2296 ac
631 2235 744 2299 Christi
762 2236 972 2305 inflammatus,
987 2241 1020 2294 et
1031 2235 1150 2297 ardenti
1162 2238 1226 2298 aui-

142 2339 259 2382 marum
278 2323 343 2383 zelo
365 2331 508 2394 aestuaus,
523 2323 582 2396 erit
600 2323 730 2385 omnihtts
743 2322 841 2383 annaio
851 2320 964 2399 factos,
977 2328 1009 2380 ut
1021 2339 1117 2384 omncs
1129 2323 1225 2400 faciat

142 2406 269 2470 solooo'.

179 2493 326 2554 Sacerdos
348 2494 456 2572 spiritu
473 2493 552 2571 legis
567 2493 679 2554 divinas
699 2498 821 2553 ornatus
837 2510 890 2553 sua
904 2495 1028 2554 vlvendi
1042 2513 1147 2556 norma
1161 2498 1223 2558 ini-

142 2576 288 2637 micorum
309 2576 466 2652 religionis
479 2576 637 2636 catholicae
649 2577 736 2634 tollet
750 2575 929 2644 calumnias,
942 2577 1172 2641 maledicentiae
1187 2598 1222 2644 ac
1243 2651 1253 2659 ,

139 2662 282 2725 dicteria.
304 2659 428 2719 Delehit
445 2659 594 2719 funestam
615 2659 698 2718 illam
720 2658 835 2725 ideam,
849 2676 916 2735 quae
934 2661 1096 2720 multorum
1113 2665 1222 2727 animis

139 2739 258 2802 infelici
275 2745 378 2798 nostro
396 2754 461 2797 aevo
482 2737 611 2807 insedit,
623 2737 795 2798 sacerdotes
808 2738 898 2798 aliter
909 2740 1077 2817 praedioare
1088 2749 1121 2802 ct
1132 2745 1221 2807 aliter

139 2842 249 2904 agere,
264 2840 316 2883 eos
332 2830 441 2883 statum
462 2822 700 2884 ecclesiasticum
720 2823 873 2902 amplexos
893 2841 974 2894 esse,
986 2833 1019 2885 ut
1031 2844 1090 2903 quo
1104 2828 1221 2895 facilius

139 2911 282 2971 viverent
291 2907 548 2986 haherent,ipsos
559 2908 687 2967 verbum
696 2909 753 2969 Dei
765 2910 1156 2980 annuntiare,sacramenta
1168 2916 1220 2978 ad-

138 2995 327 3065 ministrare,
343 3011 379 3054 eo
393 2992 473 3071 quod
489 2991 588 3054 officia
599 2993 632 3052 id
645 2994 797 3072 exigentia
811 2995 843 3053 ia
857 3011 923 3055 sese
935 3007 1146 3076 suscepenmt,
1158 3010 1217 3063 etc.

138 3081 269 3142 Ratione
281 3096 342 3141 suae
356 3080 427 3140 vitae
440 3079 581 3141 ostendet
600 3097 633 3139 se
650 3082 706 3141 suh
727 3080 873 3140 Ecclesiae
884 3080 998 3142 Christi
1012 3085 1131 3146 vexillis
1140 3089 1220 3149 mili-

138 3173 203 3227 tare
224 3167 264 3226 ad
284 3184 371 3227 suum
396 3174 427 3226 et
445 3166 575 3244 proximi
597 3183 788 3246 progressum
801 3166 961 3237 moralem,
980 3167 1217 3252 felicitatemque

137 3259 282 3313 aeternam
303 3250 540 3331 promovendam
558 3268 592 3311 ac
611 3253 866 3329 consequendam,
885 3254 924 3313 ad
941 3253 1043 3333 legem
1066 3255 1215 3334 divinam,

137 3338 385 3415 voluntatemque
407 3339 540 3417 supremi
554 3339 693 3398 Numinis
712 3338 781 3399 aliis
791 3339 1052 3412 manifestandam
1067 3344 1216 3406 veramli-
1244 3368 1245 3371 ¹

137 3421 208 3483 dem
219 3422 456 3522 propagandam,
468 3422 650 3483 offensiones
662 3423 718 3482 Dei
731 3423 941 3485 diminuendos
951 3442 986 3485 ac
1000 3427 1166 3503 evitandas,
1176 3434 1215 3495 ad

136 3524 192 3586 per
208 3507 411 3567 imitationem
429 3510 502 3568 lesu
516 3507 630 3568 Christi
650 3509 717 3568 aliis
730 3508 811 3568 hona
828 3511 964 3589 exempla
976 3511 1156 3589 praehenda,
1169 3523 1215 3577 at-

137 3607 195 3668 que
208 3609 264 3671 per
275 3600 530 3653 sacramentorum
541 3594 677 3653 sedulam
687 3579 977 3655 administrationem
988 3595 1076 3656 saluti
1087 3597 1214 3664 aliorum

136 3675 299 3736 ellicaciter
311 3678 545 3755 cooperandum.
555 3679 699 3739 Terrenis
713 3677 929 3757 cupiditatibus
940 3681 1160 3758 errtsuperror
1167 3693 1214 3746 ta-
1268 3746 1272 3753 ,

134 3760 218 3821 lenta
230 3761 290 3821 sibi
302 3778 319 3822 a
329 3765 393 3822 Dco
407 3764 583 3823 concredita
596 3762 761 3841 diligenter
774 3763 908 3835 excolet,
921 3771 1032 3826 etcum
1048 3765 1147 3828 noctu
1161 3771 1213 3832 ad-

133 3844 270 3917 hibebit,
284 3846 510 3909 difficultatibus
521 3866 567 3908 sur
579 3854 681 3920 status,
692 3848 939 3910 tribulationibus
949 3867 984 3910 ac
993 3855 1212 3930 persecutioni-

133 3932 190 3992 hus
199 3949 260 3991 non
270 3934 514 4005 turbabitur‚scd
524 3952 591 3995 cum
601 3936 637 3993 Ι).
646 3936 738 3996 Paulo
749 3933 959 3995 dracomaria}
967 3936 1074 3997 horum
1085 3957 1208 4017 vereor,

134 4035 150 4076 a
164 4034 222 4079 nec
234 4016 311 4079 facio
324 4020 455 4080 animam
462 4037 560 4081 meam
571 4022 781 4099 pretiosiorem
794 4037 882 4097 quam
893 4021 1127 4093 me,dummodo
1139 4047 1210 4092 con·

164 4129 174 4164 ¹
187 4131 353 4181 mortaline.
365 4132 404 4179 22.

1048 4200 1087 4245 52.
