2708 4846
222 461 255 516 ta
626 463 672 512 bu
687 462 895 512 uirtutem

223 544 835 638 eninar'cttmpraepnuum,utinca1idis
846 555 1306 647 climatibusouandoquorepe-¹

221 644 841 717 titan,matrimoniiiaecunditatiobesse.
1298 712 1303 720 ,

259 732 349 794 Unde
379 732 566 804 Herodotus,
587 734 711 806 Strabo,
731 732 881 795 Diodorus
908 731 1042 805 Siculus,
1063 728 1306 799 etcscivernnt

220 817 345 880 iudaeos
354 818 616 880 circumcisionem
625 819 663 880 ab
670 819 979 898 AEgyptiismutuatos
989 821 1069 882 esset
1079 826 1111 881 et
1118 821 1305 899 qvamtione

220 920 305 966 suam
317 903 522 966 adsertionem
534 902 708 965 firmarrmtl
721 921 825 966 omncs
837 906 937 983 Moysi
950 906 1088 985 pluribus
1098 906 1221 969 sectilis
1232 925 1305 987 pos·

220 991 350 1053 teniores
363 997 447 1062 sunt;
461 1007 554 1069 quare
572 1007 677 1052 eornm
694 992 798 1071 opinio
814 999 860 1053 est
876 1008 960 1053 mere
974 992 1114 1072 gratuita.
1130 993 1305 1073 tropatus

220 1085 321 1140 antem
333 1077 413 1157 apud
421 1077 697 1139 Eusebiumscribit
705 1077 726 1150 ¹,
737 1078 817 1156 ipsos
822 1078 994 1141 sacerdotes
999 1079 1148 1158 aegyptios
1157 1079 1304 1158 (populus

220 1165 369 1242 aegyptius
389 1163 559 1243 generatim
577 1180 639 1225 non
660 1162 950 1241 circumcidebatur)
972 1164 1238 1227 circumcisionem
1263 1165 1304 1229 ab

219 1247 775 1328 Abrabamoetalosephodidicisse.
1307 1286 1311 1302 ·

256 1337 377 1416 Moyses
387 1336 530 1416 equidem
541 1336 580 1398 de
595 1335 827 1397 circumcisione
841 1334 975 1413 loquitur
986 1335 1141 1408 terminis,
1154 1334 1208 1416 qui
1220 1335 1304 1399 iilius

220 1423 359 1485 notitiam
377 1429 623 1504 praesupponunt.
642 1422 704 1483 Sed
722 1423 911 1483 circumcisio
928 1421 1062 1482 Abrabae
1079 1430 1252 1501 praecepta,
1271 1429 1304 1484 et

220 1509 275 1662 giu
292 1516 363 1571 ante
379 1511 505 1588 Moysen
520 1509 649 1589 proinde
659 1510 773 1585 ,usitata
785 1508 842 1570 iuit
847 1527 856 1580 3
868 1524 961 1588 quare
974 1517 1046 1569 nota
1060 1510 1190 1591 supponi
1202 1502 1313 1612 debe-2

243 1605 275 1659 at
287 1614 352 1661 aevo
369 1597 483 1677 Moysis
492 1599 517 1658 *.

502 1744 613 1816 §xviii
626 1746 702 1797 -De
712 1745 900 1810 Lotboeinsqnc
910 1745 1015 1795 iiiiabus.

256 1888 308 1944 se.
319 1840 598 1969 ottouts'credat,
608 1884 886 1956 dicuntincreduli‚
897 1885 1025 1962 Moysen
1033 1884 1224 1964 inspiratum,
1233 1891 1304 1954 drrm

218 1973 402 2052 flagitiosum
415 1973 610 2035 concubitum
625 1971 755 2032 filiarum
771 1972 861 2032 Lothi
878 1989 948 2032 eum
960 1989 1014 2032 suo
1031 1982 1118 2051 patre
1137 1971 1303 2053 describit,

218 2058 455 2136 illumquehaud
467 2060 617 2136 improbat
626 2058 719 2134 (Gen.
733 2057 783 2128 i9,
796 2056 916 2133 diesi?

55 2155 60 2163 ·
167 2176 170 2182 ·
256 2146 341 2223 Resp.
355 2145 474 2205 Exinde
482 2144 564 2221 quod
573 2145 693 2220 Moyses
701 2142 881 2220 flagitiosum
895 2140 1111 2202 hunciiiiarrmr
1119 2147 1304 2224 cumffiolbo

219 2235 306 2307 patre
320 2228 655 2307 concubiturupositive
668 2245 731 2288 non
741 2227 906 2305 improbat,
921 2227 1047 2287 minime
1061 2230 1215 2306 semitm,
1231 2249 1306 2294 enm

219 2312 319 2392 ipsum
330 2313 396 2374 sine
409 2313 525 2392 flagitio
539 2313 734 2375 existimasse.
747 2314 792 2373 Eo
801 2312 866 2391 ipso
876 2311 958 2389 quod
971 2312 1089 2373 minora
1097 2323 1226 2391 peccata
1234 2318 1306 2381 aliis

219 2399 254 2461 in
264 2399 341 2461 locis
351 2415 459 2483 severe
472 2399 686 2479 reprehendit,
700 2416 739 2481 ac
747 2398 902 2478 punienda
914 2400 1026 2471 sancit,
1039 2406 1073 2460 et
1082 2398 1143 2461 hoc
1152 2401 1306 2482 flagitium

220 2492 325 2545 contra
334 2493 472 2547 naturam
483 2486 644 2565 improbat.
656 2486 780 2546 Factum
788 2483 918 2545 filiarum
926 2484 1016 2544 Lothi
1025 2483 1120 2561 (Gon.
1133 2485 1184 2556 itt,
1198 2487 1305 2566 etde)

219 2577 255 2631 ut
269 2572 429 2634 historicus
438 2573 618 2651 simpliciter
629 2573 737 2642 refert,
750 2578 785 2632 ut
798 2571 1039 2631 Ammonitarum
1052 2587 1087 2631 ac
1098 2571 1306 2637 Moabitarum

219 2658 370 2736 originem
381 2659 506 2719 indicet.
518 2660 592 2718 Haec
603 2674 677 2719 vero
690 2657 756 2737 ipsa
767 2657 917 2729 narratio,
926 2656 993 2718 sine
1006 2654 1106 2736 glossa
1116 2656 1211 2733 iacta,
1222 2676 1308 2722 sum·

218 2759 299 2804 marn
306 2746 420 2824 Moysis
432 2745 629 2806 veracitatem
645 2743 848 2806 commendat.

256 2832 408 2896 Caeterum
422 2831 501 2892 Loth
514 2849 576 2891 non
591 2830 714 2890 videtur
726 2831 775 2890 vir
786 2830 877 2890 tuisse
894 2829 976 2890 omni
995 2832 1176 2909 exceptione
1192 2834 1305 2912 majori

221 2918 345 2982 Aruina
353 2917 554 2996 Pentapoleos
562 2914 1110 2996 servatus'iuissevideturpotissimrun
1119 2918 1158 2979 ad
1167 2919 1305 2983 Abrabae

220 3016 326 3083 preces
340 3005 433 3082 (Gen.
448 3004 578 3080 is‚2t);
589 3003 757 3083 propositio
770 3003 866 3075 enirn,
880 3003 1073 3082 quam(Gen.
1089 3004 1139 3076 iti,
1151 3006 1185 3083 8)
1207 3008 1303 3070 Sodo-

219 3091 301 3154 mitis
319 3091 408 3163 iecit,
427 3090 466 3152 de
486 3090 532 3151 eis
546 3088 650 3150 ambas
669 3105 737 3150 suas
750 3086 827 3150 filias
843 3088 1067 3168 cognoscendas
1083 3089 1250 3166 tradendo,
1268 3100 1302 3155 et

219 3175 331 3257 duplex
343 3177 408 3256 ejus
421 3177 571 3247 ebrietas,
583 3192 625 3236 ne
633 3174 673 3237 de
684 3175 798 3255 duplici
810 3174 876 3256 ejus
885 3174 1003 3236 incestu
1023 3174 1118 3252 (Gen.
1133 3175 1186 3249 iil,
1196 3176 1301 3256 51-58)

138 3254 146 3275 ’
217 3259 390 3340 loquamur,
406 3262 439 3323 id
452 3264 607 3323 evincunt.

256 3348 322 3408 Hoc
334 3347 368 3407 in
381 3347 607 3409 excusationem
619 3342 835 3425 propositionis
842 3343 933 3404 Lothi
945 3344 1009 3406 dici
1023 3352 1137 3425 potest,
1153 3348 1237 3426 qnod
1247 3352 1300 3410 aut

219 3438 377 3512 tantopere
392 3432 559 3510 exagitatus
572 3429 677 3500 fuerit,
692 3428 774 3489 utad
789 3445 826 3490 ea
841 3445 909 3508 quae
921 3429 1044 3492 dicebat
1058 3430 1140 3494 baud
1156 3434 1300 3497 reflecte·

218 3525 281 3589 ret,
301 3523 353 3578 aut
370 3515 452 3593 quod
468 3515 587 3577 infamis
608 3514 829 3576 Sodomitarum
848 3516 881 3575 in
900 3517 1025 3595 angelos
1043 3518 1300 3598 concupiscentiae

219 3606 371 3675 conscius,
383 3612 483 3668 certus
494 3603 603 3675 inerit,
611 3616 695 3665 suam
703 3602 942 3684 propositionem
949 3603 991 3680 ,ab
1000 3604 1039 3666 iis
1047 3603 1130 3667 baud
1138 3614 1300 3691 acceptum

173 3730 177 3740 -
219 3686 275 3763 iri,
290 3699 324 3751 ut
337 3680 445 3771 reapie
457 3690 598 3768 contigit.

249 3820 689 3890 temoubcmmvanprecme.
850 3838 852 3842 ’

249 3892 435 3961 ‘dimumcisim
452 3901 618 3949 adrcemcids
637 3899 673 3949 ita
688 3896 767 3958 dicta,
784 3897 822 3946 est
836 3892 953 3947 abscissio
971 3898 1045 3961 pellis
1060 3900 1177 3962 glandem
1192 3896 1302 3955 membri

218 3963 301 4015 tlriiis
309 3967 415 4028 tecente
424 3969 510 4019 octavo
525 3969 568 4017 dio
578 3970 633 4030 post
641 3968 798 4018 nativitatem
808 3969 866 4017 ditis
876 3968 998 4019 indenda.
1008 3971 1114 4027 videbar
1122 3973 1190 4024 Deus
1201 3973 1304 4037 signnm

220 4035 259 4086 sui
269 4035 368 4088 ioederts
377 4039 404 4088 in
413 4041 461 4091 boc
471 4039 582 4089 membro
592 4038 711 4099 voluisse,
721 4037 780 4100 quia
790 4039 893 4099 estpars
903 4039 1110 4105 principalissima
1119 4042 1241 4107 bominis,
1250 4055 1302 4108 qim

221 4105 894 4179 pommtsuitimtte,tmostnombeiquoadmtmam.
