2708 4846
139 463 186 513 W)
547 462 592 510 hc
613 460 812 510 tunnensis

138 556 178 616 ah
189 553 319 630 antiquis
330 553 442 631 passim
453 552 601 614 tributum
612 552 683 622 luit,
696 558 730 611 ut
740 552 780 612 ah
792 551 972 631 Hippolyto,
986 548 1107 628 Cyrillo
1120 549 1198 612 Alex.

138 635 730 718 Cyrillollier.,chrysostomo,Auctore
739 639 921 718 synopseos,
928 638 1128 708 Damasceno‚
1137 637 1210 708 etc.¹,

139 732 172 786 et
182 724 254 786 hinc
266 726 400 785 loannes
412 724 574 802 Apostolus
585 740 604 783 a
617 721 733 801 Cyrillo
744 722 835 783 Alex.
850 730 1044 801 nuncupatur
1053 752 1098 792 τις
1109 735 1213 796 esum,

87 813 89 816 ⁴
137 813 300 877 ιωηραφενι.
317 809 476 888 Tluoloqioe
486 811 622 888 scriptor.
635 809 817 870 Existimant
828 816 931 870 autem
943 811 1105 881 nonnulli,
1118 813 1214 889 praia-

137 905 200 959 tam
212 896 443 975 inscriptionem
453 911 583 974 graecam
594 893 732 956 asaeculo
745 902 853 973 quarto
870 893 1027 955 dumtaxat
1038 898 1215 981 Apocalypsi

138 982 289 1061 adjectam
299 998 376 1042 esse.

174 1069 207 1129 ls⁰
225 1071 429 1146 frequentem
449 1067 666 1145 repetitionem
685 1066 819 1127 nominis
835 1066 963 1127 Joannis
987 1067 1136 1146 produxit
1156 1086 1217 1149 pro·

137 1155 294 1233 pheticum
309 1161 518 1234 argtuneutmn
533 1153 618 1214 libri.
631 1152 696 1213 Alii
714 1152 886 1230 Propheta,
899 1158 935 1211 ut
950 1153 1107 1216 Jeremias
1120 1163 1153 1215 et
1167 1157 1217 1218 lta-

138 1240 217 1312 niel,
230 1256 342 1300 nomen
361 1254 448 1300 suum
459 1237 703 1315 frequentissime
720 1236 919 1315 repetierunt.
938 1237 1013 1298 nec
1031 1246 1141 1307 autem
1163 1240 1218 1320 ipsa

138 1327 271 1388 nominis
286 1326 444 1404 repetitio,
463 1324 577 1402 aliique
592 1324 784 1385 characteres
801 1322 977 1394 intrinseci,
992 1326 1129 1403 praecise
1143 1328 1218 1388 evin·

139 1419 213 1473 cunt
228 1407 379 1471 ioannem
392 1410 571 1490 Apostolmn
583 1410 808 1488 apocalypseos
822 1424 888 1469 esse
900 1403 1078 1481 auctorem
1090 1429 1217 1474 nam:-

139 1503 245 1557 auetor
260 1495 435 1572 frequenter
452 1511 486 1556 se
507 1502 598 1556 vocet
616 1497 784 1557 loannem.
803 1500 838 1553 ut
858 1512 886 1555 c.
904 1494 938 1564 l,
955 1495 989 1566 l,
1000 1495 1078 1565 t,9.
1093 1516 1124 1559 c.
1138 1498 1217 1568 ihi.

139 1583 272 1652 clm,
283 1590 354 1649 etc..
369 1581 537 1659 etquidem
552 1581 639 1640 illum
658 1583 827 1649 loannem,
840 1580 893 1657 qui
905 1581 1012 1641 Jesum
1026 1589 1060 1642 et
1072 1583 1141 1662 ejus
1151 1584 1218 1645 laea

139 1682 175 1729 ac
188 1668 268 1729 dicu
281 1667 359 1728 vidit
371 1674 403 1727 et
415 1667 542 1736 audivit,
555 1674 590 1726 ut
605 1667 702 1744 liquet
714 1683 753 1726 ex
764 1682 793 1726 c.
804 1666 832 1736 l,
842 1666 871 1725 9.
885 1665 1036 1726 culleum
1051 1667 1218 1748 ejusprtm

138 1753 234 1831 Epist·
247 1772 275 1816 c.
290 1754 317 1823 l,
332 1754 395 1824 l-a;
407 1752 563 1823 -c.l,9‚
576 1753 684 1813 scribit
699 1768 733 1813 se
744 1759 864 1830 propter
875 1752 992 1813 estem
1003 1754 1067 1814 Dei
1077 1762 1220 1834 ctprepter

141 1840 332 1901 testimonium
342 1842 411 1900 lese
428 1839 540 1902 Christi
550 1839 642 1899 luisse
661 1839 694 1898 in
711 1837 807 1898 insula
828 1835 985 1908 Pathmos,
1002 1838 1090 1916 quod
1109 1839 1219 1903 desole

139 1926 259 1987 ioanne
272 1925 418 2006 Apostolo
431 1924 558 1986 historia
570 1924 778 1985 ecclesiastica
788 1923 892 1984 refert.

138 2046 155 2112 S
170 2050 286 2098 (icllLlV.
297 2075 327 2086 -
337 2050 445 2111 Lingua,
456 2050 525 2098 locus
539 2048 695 2110 scriptionis,
706 2048 765 2096 etas
775 2060 804 2095 ac
815 2045 918 2096 materia
932 2047 1082 2110 Apocalypsi
1098 2049 1218 2100 sulm

176 2157 375 2234 Aah.Scripta
386 2155 1046 2235 fuitApocalypsisidiomategraeeo.hocum
1055 2156 1220 2239 scriptionis

139 2240 231 2301 troisse
251 2241 409 2308 Pathmos,
435 2240 567 2300 insulam
595 2241 687 2300 maris
716 2240 837 2318 AEgaei,
859 2239 1025 2302 duodecim
1045 2240 1221 2304 millimihm

138 2326 259 2406 Epheso
273 2327 424 2396 dissitam,
437 2344 476 2387 ex
485 2345 513 2388 c.
529 2328 562 2398 l,
577 2327 606 2397 9,
618 2334 746 2388 constat.
794 2401 796 2409 Ι

176 2418 352 2482 Communis
364 2420 515 2480 sententia
531 2420 590 2480 lert
605 2421 690 2480 illam
702 2422 846 2500 scriptam
865 2421 956 2482 luisse
973 2418 1032 2482 suh
1052 2421 1218 2485 nonium

139 2508 321 2586 imperatore
346 2505 428 2566 circa
449 2521 561 2565 annum
576 2505 614 2566 96
629 2522 698 2565 aerae
715 2506 857 2585 vulgaris.
878 2505 942 2566 Alii
956 2523 1032 2566 vcro
1051 2508 1221 2571 existimant

139 2608 208 2652 eam
219 2591 300 2652 circa
312 2607 424 2651 annum
435 2590 473 2652 to
483 2591 540 2653 suh
553 2591 680 2654 Claudio
691 2590 783 2668 imp..
799 2599 830 2651 et
842 2591 894 2651 alii
903 2591 988 2653 circa
1000 2607 1120 2654 annum
1129 2592 1166 2654 i’l
1176 2599 1221 2655 aut

138 2677 176 2738 68
199 2676 256 2738 sub
275 2677 398 2737 Nerone
413 2677 487 2756 imp.
508 2677 542 2737 in
562 2676 660 2737 insula
682 2676 825 2736 Pathmos
842 2683 996 2737 exaratam
1022 2677 1132 2742 fusse.
1150 2677 1220 2743 liris

139 2764 253 2824 ultimae
265 2763 425 2824 sententiar
436 2764 542 2824 favent
552 2771 585 2824 et
595 2764 695 2824 versio
707 2764 836 2840 syriaca,
849 2779 918 2840 quas
931 2765 1088 2825 loannem
1099 2766 1221 2846 Apestc

137 2850 202 2910 lmn
213 2851 269 2913 suh
281 2852 403 2911 Nerone
413 2851 446 2911 in
457 2850 537 2912 hanc
547 2850 675 2911 insulam
684 2850 851 2928 relegatum
863 2848 954 2910 luisse
964 2849 1073 2922 refert,
1082 2851 1221 2921 etmulta,

138 2953 207 3014 quae
224 2937 258 2996 in
277 2935 462 3015 Apocalypsi
483 2943 645 2996 occurrunt
662 2935 702 2997 de
721 2936 950 3012 Hierosolyma,
972 2934 1040 3013 ejus
1058 2937 1172 3019 temple
1185 2953 1220 2997 ac

138 3021 243 3092 slteri,
254 3039 320 3100 quae
330 3022 386 3081 suh
397 3022 520 3083 Nerone
533 3021 607 3101 imp.
623 3021 722 3082 adhuc
734 3021 916 3081 existebant.

176 3107 302 3184 Antiqui
330 3109 530 3187 lnterpretes,
551 3106 626 3167 licet
646 3112 847 3185 agnoscerent
873 3106 905 3167 in
929 3107 1122 3190 Apocalypsi
1140 3106 1221 3170 varia

139 3192 290 3253 contineri
303 3192 462 3262 vaticinia,
472 3192 557 3252 illam
568 3199 670 3253 umen
682 3190 733 3250 vel
744 3208 835 3251 sensu
850 3192 959 3252 morali
977 3191 1220 3272 exposuermt·‚

138 3277 189 3336 vel
196 3276 278 3338 illius
287 3277 552 3357 interpretationes
559 3275 815 3337 litteralesmutuo
825 3276 884 3336 sihi
895 3277 1050 3356 oppositas
1059 3277 1220 3341 dederuut

176 3363 390 3432 Recentiores,
401 3381 476 3441 quos
486 3366 567 3423 inter
579 3362 618 3423 cl.
630 3363 770 3433 Bossuet,
784 3361 920 3432 Calmet‚
935 3362 1080 3437 Alcesar,
1093 3361 1221 3426 solutu

138 3465 214 3529 gen,
233 3448 343 3520 Veith,
363 3449 610 3529 Schnappinger,
631 3456 708 3518 etc,
735 3448 970 3528 Apocalypsim,
996 3467 1070 3510 omn
1099 3448 1221 3512 historia

139 3542 318 3606 eventuum,
337 3552 413 3613 quos
431 3533 599 3613 praedicere
613 3533 747 3606 videtur,
763 3533 921 3604 collatam,
934 3535 1069 3596 maxima
1082 3552 1124 3598 ex
1140 3541 1221 3618 pult

138 3619 284 3683 historice
298 3626 511 3701 exposuerunt.
523 3620 561 3678 Et
572 3618 707 3699 proiecto
721 3634 789 3680 cum
809 3620 981 3679 loannesc.
993 3620 1022 3689 l,
1037 3619 1068 3691 l,
1079 3619 1165 3684 dieat
1176 3636 1220 3680 res

139 3707 198 3768 sihi
222 3706 372 3768 revelatas
389 3707 450 3768 cito
470 3704 630 3784 adimpleri
648 3706 781 3777 dehere,
797 3712 918 3787 oportet
937 3707 1104 3770 maximam
1123 3723 1220 3770 eam

139 3799 256 3871 partem
264 3793 327 3873 jam
339 3791 513 3871 contigisse.

170 3927 289 3994 llllppol.
300 3933 367 3983 ont
378 3932 530 3982 socorsum.
543 3944 599 3983 sac.
606 3933 662 3994 cyr.
672 3932 761 3994 Alex,
772 3937 789 3981 l.
800 3935 830 3994 5,
842 3935 873 3981 ιιι
884 3933 953 3982 irin.
961 3933 1017 3996 cyr.
1027 3934 1099 3985 illex.
1109 3929 1218 3985 cathlt.

139 3998 223 4059 Chrys.
235 4015 337 4061 prooem.
349 4003 376 4050 in
385 4003 424 4052 l’s.
434 4003 474 4051 st.
485 4002 598 4053 nomme.
608 4002 674 4052 ont
682 4002 713 4051 dc
724 4003 841 4063 transfip
848 3999 896 4039 -2
904 4002 968 4052 Vide
977 4004 1099 4065 ronst..
1108 4004 1137 4054 in
1147 4005 1185 4054 Ρι.
1192 4000 1219 4052 ἃ

140 4068 167 4116 ct
177 4068 207 4116 dc
219 4070 322 4119 Ciuitate
335 4071 396 4134 liei,
405 4072 451 4121 lih.
463 4071 507 4134 lh,
517 4085 539 4121 c.
551 4072 591 4120 25.
