2708 4846
481 462 667 511 nrnnonuu
685 461 880 513 sacnonon.
1174 440 1219 513 iss

101 548 108 557 '
176 550 307 613 untur
321 558 418 615 motas
434 552 541 623 tuisse3
554 561 716 633 potuerunt
728 556 856 633 proinde
870 559 988 615 montes
999 554 1217 615 violentissimo

175 650 288 713 aquaram
300 638 384 699 buxu
394 640 563 703 successive
579 640 746 719 cooperiri,
756 651 790 702 ut
801 644 833 703 S.
845 642 1030 722 Augustinus
1034 639 1219 721 jampridem

96 724 102 765 i
175 720 315 787 anubis
325 725 482 804 respondit
497 725 517 785 ¹.

96 822 99 851 ⁵
197 808 310 873 immet
319 818 468 882 auctores,
480 818 513 871 ut
521 811 655 881 Vossius,
667 812 742 873 Para
756 812 796 873 du
804 812 942 892 Phanjas,
954 813 1130 893 ete.,quiut
1139 814 1219 876 dilu-

171 891 231 953 rium
237 896 427 957 noemitioum
434 896 552 958 facilius
561 897 964 975 explicarent,adsoruerunt
974 901 1073 980 ipsum
1082 901 1219 961 nonuni-

171 980 273 1053 versate,
289 981 346 1044 sed
362 982 544 1061 particulare
559 983 661 1043 tuisse.
679 985 735 1045 Ast
752 985 856 1044 mirari
874 986 946 1046 satis
966 1003 1029 1047 non
1046 1004 1217 1067 possumus,

168 1066 289 1139 qomodo
297 1066 369 1138 viri,
376 1068 563 1145 caetoroquin
574 1068 666 1141 docti,
678 1076 849 1148 tamparum
859 1070 999 1150 physicos
1006 1072 1104 1150 gnari,
1114 1072 1219 1135 adcir-

166 1154 331 1215 constantias
340 1152 450 1214 diluvii
462 1155 586 1225 attenti,
600 1171 765 1233 sensusque
777 1157 940 1236 Scripturas
953 1164 1076 1218 tenaces
1090 1157 1215 1219 tuerint:

164 1233 1219 1323 tindumenimpartinusrerepugnat:-physicae,namnuidasese1n

162 1325 239 1403 amad
245 1326 579 1406 libellamcomponunt‚
587 1336 809 1405 consequenter
818 1346 903 1407 aquae
911 1330 943 1389 in
949 1346 1008 1391 una
1016 1329 1121 1391 mundi
1132 1340 1218 1410 parts

159 1408 265 1475 ebnm
278 1414 452 1475 necessario
466 1414 498 1473 in
511 1414 584 1475 alias
598 1421 700 1493 parics
710 1415 922 1488 deduxissent3
938 1417 1218 1481 -circumstantiis

157 1496 261 1571 diutim
274 1500 301 1561 si
315 1500 400 1561 cuim
410 1516 480 1579 pars
492 1500 645 1560 dumtaxat
660 1501 765 1561 mundi
778 1503 863 1579 aquis
877 1502 1086 1583 immergenda
1097 1502 1216 1580 suisset,

96 1644 98 1655 ,
153 1600 196 1645 cm·
206 1584 260 1647 too
273 1588 347 1647 anni
362 1585 493 1647 adhibiti
504 1586 630 1647 tuissent
643 1587 682 1647 ad
696 1588 929 1649 construendam
944 1591 1062 1649 arcam?
1077 1590 1139 1653 Cur
1152 1610 1217 1652 om-

151 1671 224 1731 nium
240 1671 416 1733 animalimn
437 1688 550 1749 genera
568 1673 601 1732 in
623 1672 707 1732 ittam
728 1680 831 1734 coacta
850 1672 998 1735 tuissent?
1010 1706 1042 1717 -
1058 1677 1218 1755 Repugnat

147 1758 239 1821 sensui
253 1758 416 1837 Scripturae
425 1775 527 1818 sacrae.
538 1759 619 1818 Deus
628 1759 745 1819 Noemo
756 1766 826 1819 anto
836 1758 982 1819 diluvium
992 1758 1110 1821 dixerat
1121 1763 1216 1839 (Gen.

145 1844 173 1915 i,
182 1844 229 1923 tt:
243 1866 260 1903 c
273 1845 392 1905 Delebo
403 1844 571 1915 hominem,
588 1860 679 1920 quom
691 1845 803 1915 creavi,
814 1845 918 1905 atocio
931 1852 1035 1914 torrae,
1044 1846 1083 1904 ab
1093 1846 1217 1910 homine

144 1948 260 2010 »mque
276 1930 316 1992 ad
333 1930 513 2000 animantia,
529 1947 548 1989 a
571 1929 676 2007 reptili
696 1945 792 2006 usque
810 1929 849 1990 ad
866 1930 1003 1990 uolucres
1016 1931 1097 1991 coeli.
1112 1951 1128 1987 o
1143 1935 1217 1996 iiaec

141 2018 232 2081 stuba
239 2016 414 2079 litteraliter
424 2016 595 2077 executioni
607 2015 672 2075 deri
684 2031 747 2075 non
759 2022 908 2094 poteraut,
920 2017 979 2076 nisi
995 2015 1142 2077 diluvium
1151 2022 1218 2081 uni-

138 2104 254 2167 versate
265 2110 348 2167 esset
359 2104 448 2181 (Gen.
463 2103 496 2173 7,
515 2102 621 2179 Μ).
636 2102 756 2179 Moyses
770 2102 897 2163 scribit:
913 2122 929 2159 n
942 2102 1066 2163 Factum
1078 2112 1124 2165 est
1138 2106 1218 2167 dilu-

139 2190 248 2253 nvium
262 2189 463 2269 quadraginta
477 2189 586 2249 diebus
603 2205 694 2267 super
712 2195 855 2248 terram...
877 2204 946 2247 arca
958 2186 1111 2250 terebatur
1127 2210 1218 2271 super

138 2292 271 2355 eaquae,
289 2281 322 2336 et
344 2290 431 2351 aquae
449 2274 672 2353 praevaluerunt
690 2273 781 2334 nimis
802 2289 893 2352 super
914 2282 1039 2334 terram:
1057 2279 1216 2355 opertique

137 2368 343 2423 asuntoomta
352 2366 462 2419 monus
472 2359 584 2421 excelsi
600 2360 656 2419 sub
666 2360 798 2419 attinerso
809 2358 890 2419 ocio.
905 2358 1089 2435 Quindecim
1106 2365 1216 2425 cubitis

137 2446 214 2525 affl
228 2446 263 2507 'i‘
275 2446 402 2509 circiter
412 2446 553 2525 pedibus)
566 2445 655 2506 altior
668 2447 725 2506 tuit
739 2462 915 2525 aquasuper
924 2456 1043 2509 montes
1058 2468 1132 2527 quos
1145 2469 1216 2529 ope-

136 2540 277 2597 rruerat.
299 2533 543 2611 Consumptaque
564 2540 610 2594 cst
633 2533 725 2591 onmis
744 2550 814 2591 coro
833 2549 900 2608 quae
922 2534 1101 2593 movebatur
1125 2555 1217 2617 super

137 2626 287 2691 sternam,
295 2620 462 2691 volucrmn,
472 2620 656 2689 animalium,
665 2619 1214 2699 bestianmr,omniumquoreptitium,

136 2712 365 2787 rqtraereptant
378 2713 605 2786 superterram:
618 2705 747 2764 catinensi
760 2703 902 2775 trorot'nes,
919 2712 950 2763 et
963 2713 1085 2775 cuncta,
1103 2707 1136 2766 in
1151 2710 1216 2785 qui·

137 2792 223 2853 »hm
232 2793 415 2873 spiraculum
424 2794 495 2853 vitae
508 2800 564 2864 cst,
575 2793 608 2852 in
621 2799 703 2852 terra
711 2798 828 2851 mortua
841 2797 944 2851 sunt...
957 2792 1101 2852 remansit
1114 2802 1216 2855 autem

136 2878 246 2939 nsolm
260 2880 341 2949 Noe,
360 2880 455 2957 etqui
472 2897 541 2940 curn
557 2897 593 2939 eo
610 2884 707 2949 orant,
722 2898 737 2935 n
750 2894 826 2937 uxor
837 2894 949 2957 nempe
972 2876 1052 2956 ejus,
1074 2887 1136 2940 tres
1152 2882 1216 2961 ejus

137 2962 207 3038 titii,
228 2964 396 3042 noruntque
415 2966 558 3043 conjuges
572 2965 669 3041 (Gen.
688 2964 721 3037 7,
743 2963 791 3037 7).
806 2966 880 3025 Hace
894 2981 968 3025 sane
984 2964 1132 3027 diluvium
1147 2970 1216 3029 uni·

136 3052 256 3113 versate
273 3052 449 3113 litteraliter
458 3053 613 3113 evincunt.

177 3134 269 3213 (Gen.
277 3139 306 3213 a,
317 3140 417 3216 tato)
426 3140 532 3201 scribit
540 3139 671 3216 Moyses,
682 3154 700 3196 a
712 3137 809 3195 tribus
819 3134 888 3195 titiis
899 3137 1008 3195 Noomi
1020 3154 1109 3199 omne
1119 3156 1215 3219 gentis

135 3222 298 3287 btmtanum
309 3234 376 3305 post
388 3225 535 3286 diluvium
544 3223 746 3286 descendere.
762 3224 882 3281 «Erant
900 3221 955 3280 titii
967 3223 1049 3293 Noe,
1063 3222 1212 3301 inquit...,

137 3330 155 3367 s
166 3310 248 3381 Sem,
258 3310 356 3375 Cbam
369 3319 399 3370 ct
409 3311 541 3389 taphet..
556 3311 594 3371 ab
611 3309 658 3368 bis
672 3309 898 3369 disseminatum
910 3315 956 3367 cst
967 3326 1049 3367 oritate
1061 3326 1148 3387 pertus
1160 3310 1215 3371 Int-

136 3412 286 3457 »mnaum
299 3412 391 3475 snper
405 3398 569 3457 tutiocrsom
589 3403 707 3455 terrum.
721 3415 737 3451 o

173 3478 299 3543 Vossius
313 3482 456 3559 equidem
475 3482 533 3551 aii,
554 3482 701 3541 ditminm
716 3478 885 3539 universate
899 3479 1008 3538 inutile
1025 3478 1131 3551 fuisse3
1144 3500 1213 3559 cum

136 3574 218 3629 totus
227 3568 311 3629 orbis
324 3575 389 3627 tmn
401 3568 544 3647 temporis
560 3567 695 3627 nondmn
712 3565 896 3626 inhabitatus
911 3571 1000 3624 esset.
1013 3567 1069 3625 rtst
1081 3566 1213 3643 praefatae

136 3650 317 3731 ignorantiae
329 3654 463 3714 rationes
475 3653 730 3713 controversiam
743 3651 884 3709 militant.
895 3649 1046 3712 Caeterum
1057 3651 1124 3725 (puis
1135 3651 1212 3713 dixit

136 3734 355 3799 venientum
370 3739 476 3799 orbem
495 3746 558 3797 tum
574 3738 687 3799 incolas
706 3755 767 3797 non
788 3734 947 3796 babuisse?
959 3735 1008 3794 An
1031 3733 1102 3794 toto
1124 3739 1211 3813 anni,

135 3824 384 3905 quibusmmrdus
394 3827 534 3887 extiterat
542 3842 604 3885 non
613 3824 793 3889 suffecerant
801 3820 840 3883 ad
850 3830 944 3883 totum
953 3820 1098 3881 mundum
1105 3822 1212 3887 incolis

230 3910 328 3975 dumt

96 4000 105 4017 '
135 3924 337 4077 mictum
354 3995 534 4068 adversarii,
547 4011 639 4059 rocos
652 4013 762 4059 catttcttt
773 3992 1070 4063 secrctamsecretam
1086 4000 1210 4074 terram,

167 4104 226 4163 ¹lis
234 4110 343 4163 arante
352 4108 415 4174 Dei,
423 4108 442 4159 i.
453 4109 498 4172 ti,
508 4121 531 4158 c.
541 4108 581 4157 bi.
