2716 4838
426 454 611 510 truncant!
630 455 826 507 sacnonun.
1125 457 1167 505 1511

126 538 233 602 versio
246 542 405 621 ectropion
412 542 614 622 jamtempore
632 547 663 606 S.
674 547 882 624 chrysostomi
892 546 1040 608 existebat
1055 546 1076 617 ¹,
1088 554 1168 606 etex

86 628 228 687 versione
241 628 461 700 Alexandrina,
475 647 530 690 seu
541 630 622 691 Lxx
635 633 853 711 Interpretum,
867 632 1037 693 descendit.

122 714 231 772 Versio
250 714 409 773 Librorum
430 733 582 775 sacrorum
600 718 714 777 veteris
735 716 872 777 Foederis
895 718 928 775 in
942 717 1040 777 varias
1058 732 1167 776 recen-

86 797 179 857 tiores
192 798 337 859 dialectos
344 801 525 877 aegyptiacas
532 800 876 876 juxtaversionemlrllll
882 800 1167 880 interpretumlacta

86 890 146 952 est,
161 891 191 942 et
204 884 328 960 quidem
340 885 547 945 verisimiliter
560 887 665 962 primis
675 886 819 946 Ecclesiae
832 886 962 946 saeculis.

10 994 12 1031 ι
119 969 228 1029 Versio
246 970 427 1030 Armeniaca
439 970 549 1037 saeculo
566 971 671 1047 quinto
687 971 886 1038 alliesrebo,
911 971 964 1047 qui
983 970 1099 1029 litteras
1117 987 1167 1029 ar·

10 1120 14 1129 Ι
84 1052 234 1112 meniacas
245 1054 397 1114 invenisse
407 1054 602 1134 perhibetur,
617 1055 694 1117 iacta
704 1056 839 1133 estjuxta
850 1056 1022 1116 versionem
1033 1057 1166 1116 Alexan·

84 1139 216 1207 drinam,
228 1145 332 1217 postea
346 1156 420 1200 vero
434 1140 472 1199 ad
484 1142 634 1219 syriacum
646 1141 803 1212 Peschito,
820 1148 853 1201 et
868 1140 907 1201 ad
920 1140 1080 1219 Vulgatam
1093 1139 1167 1199 lati·

83 1236 155 1284 nam*
168 1226 370 1284 correcta·iuit
382 1226 573 1306 abepiscopo
587 1226 771 1289 Yusclrlam.

117 1309 294 1371 sclavonica
319 1311 442 1371 tandem
454 1313 554 1373 versio
565 1313 650 1389 juxta
667 1314 841 1374 versionem
858 1313 1164 1391 LXXllnterpretum

82 1397 191 1455 sacculo
203 1412 283 1455 nono
293 1396 369 1457 iacta
381 1403 426 1456 est
438 1415 491 1476 pro
503 1399 639 1477 Bulgaris
655 1406 686 1458 et
698 1399 830 1458 Moravis
842 1414 860 1456 a
873 1395 990 1474 Cyrillo
1002 1392 1166 1458 Thessalo·

83 1481 214 1550 nicensi,
225 1481 277 1558 qui
288 1481 456 1542 litterarmu
468 1482 705 1544 sclavonicarum
718 1484 860 1542 inventor
871 1481 998 1543 dicitur..

358 1641 397 1686 DE
414 1640 608 1689 tunsionmus
623 1641 881 1691 occrnsnrnttuUS.

309 1759 434 1827 31111111.
452 1787 482 1798 -
496 1764 532 1810 Dc
549 1764 657 1823 antiquis
672 1763 828 1811 versionibus
837 1763 930 1810 latinis.

116 1903 189 1958 tot.
202 1903 292 1963 Sacra
308 1902 408 1963 Biblia
420 1920 481 1963 non
501 1904 599 1964 minus
614 1904 645 1963 in
664 1902 832 1965 Occidente
844 1920 933 1980 quam
949 1903 982 1961 in
1002 1902 1160 1966 Orientea

81 1989 254 2067 primordiis
269 1989 441 2048 christiana
457 1989 615 2067 religionis
632 1989 665 2047 in
678 1990 813 2067 linguam
825 1988 983 2067 vulgarem
994 2005 1082 2049 versa
1094 1989 1160 2049 luc·

81 2085 159 2148 runt,
167 2078 346 2137 necessitate
358 2077 516 2147 religionis
525 2076 725 2154 propaganda
735 2093 770 2136 ac
780 2075 926 2137 doeendae
935 2074 966 2136 id
976 2074 1158 2153 postulante.

81 2160 158 2223 Cmn
179 2180 252 2223 vero
271 2162 376 2241 lingum
401 2162 494 2222 latina
517 2161 632 2222 idioma
658 2161 782 2239 vulgare
803 2159 863 2220 late
885 2160 1017 2240 patentis
1034 2161 1158 2239 lmpcrii

81 2250 207 2308 Romani
222 2257 310 2320 esset,
324 2249 485 2327 Scripturae
494 2249 725 2309 sacraeamultis
737 2248 770 2307 in
783 2248 917 2327 linguam
929 2247 1054 2307 latinam
1064 2254 1160 2311 trans-

79 2334 148 2397 latae
160 2339 289 2406 inerunt,
303 2354 363 2397 non
374 2336 514 2414 equidem
523 2335 609 2414 juxta
619 2344 733 2397 textum
743 2335 914 2406 hebraeum,
926 2333 979 2394 sed
992 2333 1157 2396 secundum

80 2423 255 2483 versionem
273 2440 403 2501 graecam
430 2423 510 2483 Lxx
535 2425 751 2500 interpretum,
773 2420 853 2498 quod
881 2420 984 2499 lingua
1004 2436 1103 2499 graeca
1123 2421 1157 2480 in

81 2508 209 2584 imperio
232 2511 367 2569 Romano
388 2515 434 2569 sat
455 2509 620 2568 communis
641 2516 730 2576 esset,
754 2507 857 2584 lingna
879 2524 952 2565 vero
978 2505 1156 2566 hebraicaa

80 2595 184 2671 paucis
193 2600 379 2653 nosceretur.
391 2593 488 2668 Quam
501 2592 643 2667 plurimas
654 2592 745 2650 luisse
758 2592 915 2650 versiones
928 2590 1049 2660 latinas,
1060 2591 1157 2669 liquet

81 2697 118 2737 cx
131 2681 161 2738 S.
174 2680 342 2754 Augustino
352 2720 361 2747 ,
371 2679 423 2752 qui
436 2677 563 2737 scribit:
577 2697 593 2732 ιι
603 2676 664 2751 Qui
681 2677 848 2753 Scripturas
862 2693 899 2734 ex
912 2675 1033 2734 hebrma
1053 2676 1156 2755 lingua

81 2786 96 2819 u
111 2765 143 2822 in
156 2779 286 2839 graecam
297 2769 452 2821 verterunt
461 2762 612 2820 numerari
620 2768 754 2838 possunt,
768 2761 855 2820 latini
866 2769 965 2819 autem
975 2761 1157 2840 interpretes

82 2871 97 2903 u
113 2846 196 2904 nullo
208 2847 309 2907 modo.
323 2848 366 2905 Ut
380 2846 462 2905 enim
472 2845 582 2923 cuique
593 2846 699 2924 primis
711 2844 784 2904 lidei
800 2844 987 2922 temporibus
1000 2846 1030 2904 in
1051 2863 1157 2907 manus

81 2933 196 2992 »verrit
214 2933 328 2993 codex
323 2948 461 3011 graecus,
476 2940 508 2992 et
523 2932 740 3010 aliqrmntultmr
758 2931 906 2992 facultatis
925 2931 984 2991 sibi
1001 2934 1155 3011 utriusque

80 3042 96 3076 u
108 3020 219 3098 linguae
232 3019 345 3081 habere
355 3018 524 3089 videbatur
536 3035 623 3079 ausus
636 3026 682 3078 est
693 3018 919 3095 interpretari
935 3020 981 3079 »S
991 3021 1155 3130 Hierony·

78 3124 145 3166 nnus
156 3123 229 3166 vero
241 3106 284 3165 ait
299 3112 344 3166 tot
355 3104 445 3166 fuisse
459 3104 641 3181 exemplaria
662 3120 716 3166 seu
727 3104 882 3165 versiones
906 3113 979 3182 quot
1001 3087 1153 3168 codices'.

436 3245 454 3314 3
468 3248 576 3296 11111111.
588 3274 618 3284 -
629 3247 715 3295 Verrio
725 3247 794 3296 itala.

115 3370 186 3424 602.
200 3370 283 3429 inter
301 3368 355 3428 has
374 3385 530 3431 versiones
541 3367 649 3428 latinas
661 3383 720 3426 una
733 3367 927 3443 antiquitate,
940 3368 1152 3439 accuratione

76 3457 307 3535 perspicacitate
318 3463 349 3515 et
361 3455 714 3533 auctoritatepraestabat
727 3456 856 3561 quamss.
869 3443 1074 3532 Augustinus
1088 3457 1154 3514 alii-

76 3559 137 3620 que
157 3542 272 3618 antiqui
288 3542 398 3620 passim
415 3542 542 3609 italum,
560 3543 591 3600 S.
608 3529 835 3618 Hieronymus⁵
849 3540 1006 3617 Vulputonr
1019 3558 1053 3600 ac
1068 3541 1154 3602 Conr-

77 3644 200 3694 muncm,
215 3627 288 3685 etS
301 3626 466 3704 Gregorius
477 3643 602 3702 magnus
607 3624 757 3684 ‘tererem
770 3626 970 3702 adpellarunt

114 3709 297 3773 Continebat
313 3709 379 3770 lraec
390 3711 500 3770 Versio
514 3710 587 3770 ltala
599 3712 627 3765 l
629 3718 695 3770 etus
706 3711 954 3769 Testamentum
947 3719 1027 3786 quita
1041 3712 1154 3771 versio.

75 3814 148 3858 nem
163 3812 294 3875 graecam
313 3797 392 3854 LXX
415 3797 632 3874 interpretum,
651 3803 682 3854 ct
697 3813 810 3853 novum
830 3797 1055 3856 Testamentum
1069 3796 1153 3873 juxta

107 3917 118 3954 ¹
129 3921 215 3980 Chrys.
228 3920 299 3965 llom.
310 3918 339 3977 2,
351 3918 376 3966 in
386 3919 514 3965 ioannem.
524 3943 552 3954 -
563 3914 575 3951 ¹
585 3917 684 3978 August.
697 3917 727 3965 de
739 3918 821 3965 Docir.
833 3918 936 3978 christ,
952 3919 995 3966 lili.
1008 3922 1036 3981 Ξ,
1049 3922 1154 3968 cll.-

75 3987 164 4037 ⁸llier.
176 3988 247 4037 Praei.
264 3989 289 4035 in
305 3988 360 4035 151).
369 3983 526 4047 -lungnst
539 3988 570 4035 de
581 3988 662 4035 lloctr.
675 3986 778 4045 Christ,
790 3987 834 4034 lio.
847 3989 875 4047 d,
891 4001 945 4049 cap.
961 3990 996 4035 lii.
1010 4015 1038 4025 -
1050 3987 1154 4050 illier.¹

75 4061 104 4109 ln
117 4060 200 4120 isaia,
210 4072 233 4107 5.
251 4057 280 4105 ld
295 4060 321 4105 ct
333 4070 355 4105 5.
366 4055 406 4105 tp,
419 4080 448 4092 -
457 4053 547 4117 ‘drag
558 4057 632 4114 epist.
644 4056 674 4104 ad
686 4056 788 4104 Learrdr.
