2708 4846
56 486 75 525 0
150 458 212 537 ata.
552 454 598 505 nr
616 454 820 527 aurnrurra

185 547 382 611 Recentiores
399 553 499 608 autem
515 548 671 619 nonnulli,
691 546 919 625 inscriptionem
937 538 1037 608 textus
1053 538 1194 609 bebraer'ab

150 643 270 699 auctore
280 636 351 696 libri
365 634 528 715 proiectam
536 651 597 695 non
608 651 673 695 esse
685 634 904 703 existimantes,
915 633 1073 697 Canticum
1083 633 1136 697 luc
1145 651 1196 698 aue

150 723 227 793 tori,
241 722 399 783 Salomone
410 720 592 790 recentiori,
606 721 781 792 attribuunt,

185 808 308 886 l⁰Quod
318 814 436 868 aetatem
446 807 604 867 Salomone
614 805 955 867 recentioremindicant
964 808 1058 869 verba
1067 806 1195 870 chaldaica

149 901 180 957 et
191 894 361 954 recentiora
372 892 510 962 hebraea,
522 910 590 970 quae
603 892 634 952 in
647 891 727 951 libro
738 899 907 953 occurrunt.

184 981 215 1041 2⁰
228 980 316 1059 Quod
329 999 355 1042 c.
366 978 437 1051 oo,
456 981 488 1040 in
500 987 584 1039 textu
593 979 717 1040 hebraeo
730 979 842 1057 legitur
859 998 866 1037 ε
884 1001 899 1035 u
919 979 1049 1040 Pulchra
1063 997 1109 1051 es,
1122 981 1195 1041 amitt

149 1090 165 1128 a
182 1086 263 1140 mea,
277 1075 310 1129 ut
318 1068 450 1139 Thersa,
462 1067 571 1127 decora
583 1067 660 1127 sieut
668 1067 866 1127 Jerusalem.»
880 1066 997 1127 Thema
1011 1075 1042 1128 et
1054 1068 1196 1130 Jerusalem

147 1155 199 1216 hic
218 1161 377 1216 occurrunt
395 1161 429 1213 ut
447 1153 514 1215 dum
531 1152 670 1213 civitates
686 1153 796 1231 regim,
811 1152 883 1212 dum
897 1160 999 1213 tamen
1018 1154 1131 1215 Thema
1144 1154 1197 1217 utba

21 1303 28 1317 ,
147 1244 231 1321 regia
240 1242 315 1302 iacta
324 1259 385 1301 non
399 1249 444 1300 cst
456 1240 514 1300 nisi
525 1246 593 1318 post
604 1241 826 1318 separationem
838 1239 874 1300 {0
883 1240 1016 1300 tribuum
1026 1242 1197 1305 sublloboau

147 1321 244 1406 (vide
257 1330 297 1386 lll
311 1329 388 1405 Reg.
399 1327 450 1396 lt,
465 1326 513 1396 t7;
526 1325 575 1395 tu,
589 1325 623 1384 at
637 1344 645 1395 ;
659 1323 710 1395 to,
721 1324 739 1385 6
750 1326 774 1406 ).

146 1447 149 1451 -
184 1413 214 1472 5⁰
225 1412 312 1491 Quod
325 1413 464 1473 Salomon
474 1413 590 1491 regiam
600 1412 811 1473 educationem
821 1417 939 1484 nactus,
952 1413 1198 1493 maximaequemu

147 1500 256 1559 lierum
267 1498 453 1560 multitudini
465 1497 616 1569 addictus,
629 1505 661 1557 et
673 1498 766 1557 vitam
777 1498 970 1577 pastoralem,
985 1506 1016 1559 et
1028 1501 1199 1561 tenerrimum

147 1603 281 1647 amorem
295 1585 421 1647 duorum
436 1584 600 1645 amantium
614 1590 676 1645 tam
692 1582 838 1664 graphice
849 1585 1023 1648 describere
1034 1604 1095 1648 non
1104 1576 1200 1669 potuit}

146 1680 236 1753 prout
246 1671 279 1732 lit
288 1673 320 1732 in
329 1670 388 1732 boc
403 1671 493 1731 libro.

192 1762 265 1815 307.
287 1758 444 1836 Quidquid
463 1759 517 1830 sit,
535 1756 759 1818 hallucinantur
778 1757 830 1834 qui
853 1757 965 1818 librum
981 1758 1063 1821 bunc
1076 1760 1115 1822 ob
1126 1760 1199 1823 rerba

146 1843 302 1906 chaldaica
313 1850 344 1905 et
354 1844 524 1905 recentiora
536 1842 660 1903 hebraea
679 1860 745 1920 quae
759 1845 911 1917 eontinet,
929 1850 998 1923 post
1010 1845 1199 1925 babylonicam

146 1930 366 2009 captivitatem,
378 1930 522 2009 scriptum
532 1945 598 1990 esse
609 1925 781 2000 adfirmant3
792 1929 1128 2009 frequentissimaecmm
1135 1932 1199 1995 adir-

146 2016 248 2077 siones
258 2016 297 2077 ad
309 2024 425 2095 tempus
438 2024 470 2074 et
477 2032 526 2076 res
539 2014 721 2086 Salomonis,
736 2014 806 2075 laeta
817 2032 918 2077 rerum
927 2015 1198 2098 iacies‚quaeiuhoe

145 2101 489 2179 libroubiqueoccurrit,
502 2101 616 2160 mentio
623 2100 661 2161 de
674 2101 877 2180 pulcherrima
887 2104 971 2182 regia
982 2106 1199 2167 civitateltiero

145 2188 275 2263 solyma,
290 2187 328 2248 de
336 2186 485 2246 militibus
494 2186 671 2256 Salomonis,
683 2187 722 2247 de
734 2187 901 2260 Pharaone,
914 2189 953 2251 de
963 2191 1038 2250 turri
1049 2192 1083 2253 in
1092 2192 1196 2261 libano.

146 2281 221 2342 etc„
233 2281 351 2333 aetatem
359 2272 447 2352 hujus
459 2273 701 2356 libri-manifeste
712 2282 781 2336 ante
791 2277 998 2356 captivitatem
1010 2278 1198 2360 babylonicam

146 2359 304 2420 collocant.

250 2500 267 2571 s
280 2504 348 2553 CXX.
360 2528 390 2541 -
400 2505 591 2568 Argumentum,
601 2506 680 2568 stylus
693 2473 731 2556 'ct
741 2507 844 2557 materla
854 2509 948 2560 madet
958 2503 1121 2563 'eandem

103 2650 107 2659 ,
181 2627 253 2682 ³08·
269 2624 414 2687 Continet
431 2626 483 2686 hie
493 2625 575 2687 liber
585 2624 822 2708 descriptionem
833 2631 985 2710 poeticam
997 2635 1198 2697 amoristmet·
1216 2666 1219 2673 ·

144 2713 214 2773 rimi
226 2715 327 2794 sponsi
340 2715 537 2792 inspersam,
550 2721 581 2774 et
588 2715 732 2776 vicissim.

181 2800 282 2878 stylus
298 2800 386 2879 hujus
397 2800 471 2861 libri
485 2808 531 2861 est
543 2801 697 2880 poeticus,
711 2803 896 2875 vehemens,
911 2806 1013 2881 virus,
1025 2809 1199 2889 continetque

144 2885 363 2965 descriptiones
372 2885 599 2964 pulcherrimas.

181 2972 322 3048 Plerique
339 2977 477 3032 veterum
491 2988 527 3032 ac
546 2970 958 3051 recentiorum'existimant‚
980 2981 1115 3043 carmina
1131 2980 1200 3060 ndu

143 3057 241 3119 libelli
261 3058 383 3119 unicum
398 3074 517 3138 poema,
528 3076 582 3122 seu
596 3060 713 3134 bama,
726 3064 921 3126 constituere.
937 3064 984 3127 Cl.
998 3068 1201 3131 Bossuetautu-

142 3146 237 3205 mavit
248 3145 280 3205 in
293 3162 329 3205 eo
341 3162 499 3207 occumere
513 3146 654 3226 lpartes,
666 3165 733 3227 quae
743 3151 989 3231 responderent'l
1002 3154 1122 3231 diebus,
1133 3155 1201 3237 queit

143 3232 260 3310 antiqui
281 3232 405 3292 Hebraei
422 3249 489 3293 suas
506 3235 624 3312 nuptias
644 3236 848 3300 celebrabant.
871 3237 917 3300 Cl.
937 3241 1017 3301 Jahn
1040 3243 1201 3313 arbitratu,

143 3318 301 3381 Canticum
322 3318 670 3399 canticorum-constare
690 3324 873 3385 carminibus
892 3326 1028 3404 interdse
1046 3330 1202 3409 neutiquam

141 3401 376 3464 cohaerentibus.

179 3490 252 3543 309.
265 3489 374 3547 Utrum
392 3488 424 3548 in
439 3488 499 3550 hoe
517 3489 595 3551 libro
608 3509 698 3555 sensu
719 3494 842 3555 litterali
864 3512 948 3557 amor
966 3504 1048 3559 mter
1060 3505 1202 3577 unumque

141 3592 248 3718 teritum
266 3582 404 3646 canaan,
424 3584 475 3637 aut
488 3584 588 3639 utrum
606 3579 658 3643 hic
674 3598 758 3643 amor
771 3584 812 3644 sit
822 3600 906 3646 mere
916 3585 1082 3661 mysticus,
1099 3595 1204 3650 contro-

143 3675 198 3719 ver
212 3677 223 3719 t
236 3675 282 3718 ur.

179 3742 227 3805 et.
247 3745 388 3815 Bossuet,
411 3745 528 3808 calmet
547 3754 578 3808 et
591 3749 639 3808 Du
651 3750 706 3810 Pin
726 3744 910 3825 existimant,
930 3753 1016 3817 hisco
1034 3756 1205 3819 cornuue

142 3829 211 3890 cant
222 3831 341 3910 nuptias
352 3831 519 3894 Salomonis
532 3851 601 3895 cum
612 3834 673 3894 tilia
682 3837 763 3914 regis
773 3838 911 3917 AEgypti.
1139 3842 1144 3853 '

180 3917 236 3977 Ast
244 3917 283 3978 de
294 3919 407 3999 nuptiis
419 3919 451 3980 in
460 3919 519 3982 hoc
527 3922 606 3983 libro
618 3922 699 3984 nulla
710 3923 742 3984 tit
751 3926 865 3987 mentio
878 3971 886 3997 ‚
899 3933 990 4006 atque
1003 3927 1072 3991 baec
1084 3924 1204 3994 cernitu

142 4001 255 4076 nuptiis
264 4005 358 4082 regiis
370 4006 594 4069 accommodata
602 4024 664 4068 non
675 4025 741 4071 esse
751 4011 902 4073 videntur.

180 4085 373 4153 Arbitrantur
387 4091 441 4153 alii
455 4108 588 4156 amorem
601 4094 763 4174 coniugum
774 4096 923 4162 celebrari
935 4099 973 4171 ¹in
985 4098 1048 4169 boe
1067 4100 1201 4169 candem
