2708 4846
459 485 640 535 nranonuu
658 485 865 557 suenorum
1147 485 1189 537 tri

127 585 206 642 taret.
221 577 309 639 Licet
320 592 393 638 vero
411 576 544 638 edictum
557 576 616 638 boc
631 576 752 636 nonnisi
772 592 876 637 mense
888 573 1066 636 duodecimo
1083 590 1192 638 execu-

125 667 194 729 tiuui
211 662 416 725 mandandum
433 670 524 734 esset,
537 665 634 723 Aman
653 662 691 723 dc
709 663 790 723 illius
807 662 982 741 impletione
1001 670 1100 722 certus
1117 671 1190 734 erat,

125 769 158 815 co
165 751 244 831 quod
254 751 355 812 edicta
364 766 469 830 regum
480 750 637 811 Persarum
646 749 756 809 annulo
763 749 848 828 regio
856 749 972 829 signata
980 749 1192 815 irrevocabilia

123 836 448 995 ertsptilpttpfflfiidaei,
460 924 598 984 omnibus
609 922 773 993 derelictis,
784 924 816 982 iu
830 922 903 982 alias
916 927 1055 1003 regiones
1066 921 1193 1001 aufugis·

121 1021 202 1085 tent,
213 1012 357 1073 vindictae
367 1012 475 1072 Amani
485 1013 666 1073 satisfactum
682 1018 770 1071 esset.
783 1011 831 1071 Ad
840 1011 1044 1072 'resistendum
1057 1011 1192 1089 prolecto

121 1112 266 1178 separare
275 1093 356 1154 haud
362 1101 511 1173 poterant,
523 1113 589 1155 cum
599 1095 733 1172 praelecti
744 1094 964 1172 provinciarum
971 1094 1032 1154 illis
1038 1094 1193 1156 iacileom·

120 1190 346 1248 uesconmntus
354 1182 577 1253 interdixerint,
585 1183 716 1261 ipsisque
724 1182 1188 1260 armaquaccumqueademerint

435 1306 561 1373 sxcvut.
573 1333 602 1344 -
613 1309 765 1358 (butinuatio
775 1309 872 1372 prioris.

153 1420 225 1479 2⁰³·
232 1419 265 1480 5⁰
275 1418 380 1487 Aiunt,
387 1417 536 1495 quomodo
547 1418 666 1496 concipi
676 1424 784 1496 potest,
794 1420 956 1479 Assucrum
965 1419 1003 1479 ad
1011 1420 1189 1499 petitionem

120 1506 227 1571 mani
240 1513 337 1566 tntum
348 1505 491 1584 populum
508 1504 664 1565 hebraeum
681 1521 737 1583 per
746 1513 862 1566 vastum
880 1506 990 1567 Persia
1003 1524 1130 1586 regnum
1142 1508 1190 1570 di·

119 1610 253 1677 qxersruu
266 1591 337 1653 neci
351 1591 515 1652 destinasse
526 1594 572 1664 (c.
585 1589 619 1661 5,
633 1590 693 1664 lb),
705 1591 778 1667 quin
796 1609 913 1652 causam
926 1592 1131 1655 examinaret?

150 1682 220 1743 Rex
228 1679 325 1758 justus
338 1685 369 1739 et
380 1679 500 1758 sapiens
512 1679 615 1754 utique
627 1677 796 1755 hujusmodi
809 1679 1017 1739 crudelitatem
1028 1681 1107 1741 haud
1121 1699 1191 1743 exa·

118 1768 230 1829 minata
242 1782 400 1828 camanon
417 1765 673 1844 imperasset,sed
691 1767 837 1825 Assuerus
852 1783 905 1825 scu
921 1768 1037 1827 Xerxes
1051 1784 1189 1846 magnus,

118 1854 259 1935 princeps
275 1852 372 1912 tamus
384 1869 419 1913 ac
431 1851 563 1913 crudelis
577 1859 650 1911 erat.
664 1851 835 1910 Herodotus
851 1858 950 1909 narrat
961 1895 968 1919 ,
978 1853 1098 1913 Xerxen
1115 1855 1190 1913 mari

118 1946 254 2003 decente
260 1939 389 2000 verbera
396 1939 510 2016 indigi,
519 1954 631 2014 parque
639 1935 906 2015 compeduminjici
912 1935 1048 2013 jussisse,
1061 1956 1097 1999 eo
1111 1939 1191 2017 quod

119 2033 257 2109 pontem,
268 2044 328 2103 quc
341 2026 569 2104 Hellespontum
579 2024 732 2101 junxerat,
746 2024 964 2083 subverterat'.
981 2026 1065 2086 ldem
1076 2029 1192 2089 Xerxes

120 2112 301 2177 mbitectcs
312 2112 427 2191 praelati
438 2113 539 2191 pontis
551 2114 729 2190 tempestate
742 2110 834 2171 diruti
847 2111 945 2188 capite
956 2111 1064 2190 plecti,
1080 2121 1110 2175 et
1124 2132 1192 2177 cor-

120 2216 173 2280 pus
187 2198 374 2280 magnanimi
388 2198 548 2268 Leonidae,
561 2199 773 2276 Spartanortmr
788 2198 885 2275 regis,
899 2198 950 2274 qui
964 2215 1032 2258 cum
1047 2200 1103 2261 500
1118 2202 1192 2263 viris

120 2287 338 2366 Thermopylas
348 2294 410 2346 tam
423 2286 545 2365 egregie
558 2284 749 2353 defenderat,
764 2285 795 2344 in
809 2301 929 2345 crucem
941 2286 989 2364 agi
997 2285 1113 2363 jussit¹.
1125 2291 1193 2351 ius

120 2372 200 2437 unm
211 2380 302 2435 vocat
313 2374 434 2433 Xerxen
447 2389 588 2450 magnum
602 2388 705 2449 corpus
720 2372 781 2432 stite
798 2372 890 2451 capite
902 2358 923 2430 ³.

153 2460 227 2517 88⁴·
241 2458 275 2521 6⁰
292 2461 382 2520 Juxta
402 2459 587 2519 Herodotum
603 2458 648 2535 (l.
660 2457 688 2516 5.
701 2477 727 2519 c.
747 2457 805 2532 8't)
823 2459 923 2518 occiso
950 2460 1039 2538 Mago
1066 2461 1192 2524 Smerde

120 2544 298 2609 solemniter
307 2552 449 2605 statutum
461 2543 517 2604 luit
528 2547 664 2623 reginam
674 2544 713 2604 de
722 2544 866 2621 sanguine
879 2551 996 2622 septem
1005 2548 1194 2608 consiliario-

120 2630 539 2712 rumregiorumessodebere
549 2631 916 2708 ;Estherproindercgina
926 2626 1076 2690 derihaud
1087 2636 1192 2711 potuit.

130 2729 137 2741 ‘
155 2720 220 2783 sed
230 2719 290 2780 boc
297 2724 437 2779 statutum
448 2718 498 2778 vel
514 2717 649 2795 respexit
664 2715 760 2774 solum
773 2731 878 2792 regem
895 2715 1028 2774 Smerdis
1041 2734 1195 2779 successo-

119 2822 198 2873 rem.
210 2806 261 2867 rel
271 2807 384 2886 posteri
394 2821 481 2884 reges
491 2822 522 2865 se
536 2806 601 2883 ipso
612 2803 771 2863 obstrictos
784 2800 865 2860 haud
877 2801 1093 2863 existimarunt.

159 2894 272 2953 aaut·
283 2895 421 2972 ignotum
431 2910 496 2953 esse
506 2892 586 2952 haud
597 2891 704 2969 potuit,
713 2889 871 2950 Estherem
882 2905 947 2949 esse
958 2889 1104 2962 iudaeam,
1115 2893 1195 2970 quod

120 2986 223 3043 tmen
239 2981 288 3059 (c.
302 2983 336 3049 2,
349 2981 401 3056 20)
422 2981 547 3049 dicium,
564 2997 600 3040 co
614 2978 695 3056 quod
712 2979 821 3038 Fsthnr
842 2978 881 3036 dc
900 2977 988 3036 tlomo
1010 2980 1195 3046 Mardocbaei

120 3068 221 3131 Judaei
233 3069 272 3131 ad
289 3070 431 3150 palatium
444 3069 619 3129 l'eminamm
632 3066 712 3144 regis
724 3065 813 3125 ducta
826 3071 899 3124 crat.

155 3156 214 3219 Ast
235 3157 372 3235 ignotum
388 3162 467 3225 crat,
486 3157 584 3232 ipsum
603 3151 824 3212 Mardochaeum
843 3168 908 3211 csse
922 3150 1079 3223 Judaeum3
1101 3154 1196 3218 barba

114 3244 319 3325 -etrim,quam
334 3254 398 3306 tmn
410 3246 553 3322 temporis
573 3244 664 3304 ctiam
681 3241 733 3301 aiii
753 3241 855 3322 populi
874 3242 1063 3314 nutriebant,
1077 3244 1196 3325 signum

114 3334 326 3397 distinctivum
338 3333 511 3395 Judaeorum
523 3349 584 3391 non
598 3337 672 3391 crat.

114 3446 126 3477 ·..
153 3420 271 3481 ww
282 3421 439 3498 Quomodo
452 3419 570 3491 Esther,
582 3436 648 3496 qum
662 3420 824 3478 Assuerum
835 3434 886 3478 sua
896 3419 1122 3498 pulchritudine
1135 3420 1195 3483 sibi

118 3506 278 3571 devincire
298 3507 513 3575 meditabatur,
534 3507 631 3566 tribus
649 3505 756 3565 diebus
773 3511 804 3564 ct
817 3504 946 3564 totidem
967 3508 1107 3567 noctibus
1128 3508 1195 3567 sine

118 3594 190 3659 'elbo
201 3601 324 3675 etpotu
341 3610 464 3654 manere
476 3594 573 3671 potuit
585 3595 595 3669 (
608 3611 635 3653 c.
649 3594 677 3661 tt,
693 3593 763 3668 tut,
777 3592 850 3670 quin
868 3593 979 3672 pallida
991 3601 1022 3654 et
1034 3596 1195 3656 macilenta

113 3680 286 3745 mumma
297 3680 346 3741 An
359 3681 417 3740 boc
427 3678 572 3757 jejunium
581 3678 644 3756 ejus
655 3677 707 3738 fini
718 3697 779 3740 non
792 3695 912 3757 prorsus
921 3681 1101 3741 contrarium
1113 3689 1194 3754 eratt

113 3768 282 3831 alienare
298 3768 365 3828 sine
381 3766 451 3827 cibo
469 3773 601 3845 mpetu,
620 3783 654 3827 ae
664 3765 817 3844 jejunare,
829 3769 993 3847 saepissime
1013 3769 1089 3828 nillil
1111 3769 1193 3832 aliud

125 3850 152 3929 J
198 3850 307 3926 fleam,
330 3869 420 3931 quam
442 3853 544 3914 solitas
563 3852 743 3913 relectiones
762 3869 824 3913 non
846 3853 964 3923 iacere,
982 3861 1014 3914 et
1041 3854 1193 3916 dumtaxat

125 3934 133 3945 “
159 3938 172 3949 “’
247 3958 317 4019 auae
327 3941 365 4001 ad
375 3941 466 4002 vitam
477 3939 700 4002 sustentandam
712 3941 881 4001 necessaria
897 3941 1032 4002 suntzita
1039 3939 1190 4018 jejunasse

112 4004 377 4099 macanos
399 4027 531 4106 Baptista
550 4024 794 4102 (uacuum
811 4025 1190 4106 caimetarum

143 4122 789 4209 &medule-tamen,taem
