2708 4846
405 494 593 549 attenuent
610 497 800 551 sennonem.
1113 502 1142 554 rt

59 582 157 669 bury,
171 588 239 691 9⁰:
251 580 381 698 :llodah
393 588 677 675 Thomas'tdorgam
692 586 912 673 et'Anonymus
925 595 1029 655 auotm
1041 595 1141 676 operis

62 675 290 845 inplaapptpph
303 762 372 824 data
384 754 546 844 RoRgione
558 764 700 826 ¹revelata
714 765 820 843 utique
838 766 984 844 sequitur,
1003 768 1142 848 Religio·

64 865 221 931 nempure
233 849 401 911 naturalem
413 866 479 910 esse
489 847 731 910 insufficientem.
745 853 802 912 Ast
814 851 999 916 insufficiens
1011 872 1073 915 non
1084 853 1142 915 fuit

63 933 126 995 nisi
135 941 201 1015 post
212 932 372 1016 peccatum
383 935 548 1015 primoum
559 935 732 1006 hominum,
744 953 804 1014 quo
816 935 919 998 lumen
930 939 1077 1010 naturale,
1088 955 1141 1001 an-

64 1018 283 1089 tea'sufficicns
296 1020 340 1082 'ad
363 1022 464 1081 omnia
484 1028 638 1101 praecepta
658 1022 883 1100 cognoscenda,
902 1023 1093 1085 debilitatum
1104 1041 1139 1088 ac

64 1103 309 1177 obtenebratur,
332 1107 531 1184 voluntasque
551 1106 591 1167 ad
613 1106 725 1167 malum
745 1107 871 1186 pronior
890 1107 1058 1170 factasunt.
1071 1111 1139 1170 lle-

63 1188 143 1251 dimn
163 1191 259 1271 igitur
275 1189 420 1253 adfinem
439 1189 590 1253 sufficiens
612 1207 630 1253 a
650 1193 715 1254 Deo
732 1190 906 1256 hominibus
927 1193 1049 1267 datum,
1062 1192 1138 1256 vitio

60 1272 218 1337 hominum
230 1275 416 1339 insufficiens
427 1275 537 1338 lactum
550 1284 605 1338 est.

92 1360 127 1422 Υ
140 1363 263 1443 Religio
276 1363 422 1425 naturalis
435 1363 577 1441 equidem
589 1364 622 1424 in
634 1378 667 1424 se
680 1369 726 1425 est
737 1362 874 1445 perlecta
887 1371 919 1425 et
927 1365 1136 1439 immutabilis:

61 1445 230 1509 inhominc
240 1465 315 1511 vero
326 1448 417 1509 modo
432 1454 478 1510 est
489 1448 624 1528 perlecta
636 1449 669 1509 in
682 1456 826 1528 quantum
838 1449 965 1512 obsolute
979 1449 1090 1530 sufficit
1099 1451 1139 1515 ad
1245 1493 1250 1502 ·

60 1530 169 1607 linem3
183 1535 268 1597 illam
279 1537 311 1598 in
323 1536 383 1598 hoo
395 1553 496 1598 rerum
515 1543 594 1597 statu
613 1535 778 1617 perfectam
790 1537 823 1598 in
835 1536 960 1600 homine
973 1556 1035 1600 non
1055 1556 1136 1612 esse,

60 1628 187 1685 testatur
199 1625 389 1705 experientia
400 1624 688 1705 sapientissimorum
700 1624 948 1705 philosophorum
959 1628 1137 1705 gentilium,

59 1709 111 1785 qui
124 1710 209 1772 circa
219 1710 374 1792 praecipua
386 1711 545 1791 religionis
556 1717 669 1790 puncta
680 1711 858 1789 gravissime
872 1720 1011 1772 errarunt
1023 1713 1070 1789 (n.
1084 1714 1136 1787 66,

58 1791 106 1863 67,
118 1793 228 1867 61169,
241 1795 289 1867 70,
301 1795 369 1875 71).
383 1796 542 1858 Revelatio
561 1802 663 1855 autem
682 1796 865 1873 religionem
876 1796 1049 1869 inaturalem
1073 1815 1136 1859 non

57 1885 172 1951 mutat,
185 1881 239 1943 sed
250 1882 334 1942 illam
346 1882 427 1943 clare
440 1880 682 1960 cognoscendam
692 1879 796 1950 tradit,
811 1880 990 1959 explicatae
1003 1878 1134 1960 perficit.

60 1968 158 2027 lmmo
168 1984 234 2030 cum
244 1971 326 2031 Deus
341 1968 507 2030 revelatam
519 1967 713 2044 Religionem
723 1964 899 2028 hominibus
912 1967 986 2028 dare
999 1968 1039 2028 ab
1052 1970 1136 2030 omni

58 2048 228 2112 aeternitate
244 2051 435 2120 decreverit,
452 2048 776 2130 protoparentibusgue
796 2049 906 2109 creatis
922 2049 961 2110 de
974 2050 1054 2112 iacto
1065 2069 1136 2113 mox

58 2134 195 2207 dederit,
206 2138 341 2216 sequitur
351 2156 359 2197 :
369 2136 605 2215 -Religionem
615 2136 786 2196 naturalem
801 2136 925 2196 nonnisi
937 2144 1056 2216 partem
1068 2156 1136 2201 essc

55 2223 147 2286 tmius
157 2224 345 2305 Religionis,
358 2240 425 2303 quae
436 2240 506 2302 pars
517 2223 661 2284 naturalis
672 2240 690 2283 a
702 2222 903 2285 Revelatione
918 2222 1087 2302 perficitur3
1100 2257 1134 2274 -

56 2310 188 2390 primam
206 2311 389 2389 religionem
410 2328 487 2388 puro
513 2309 681 2372 naturalem
703 2326 768 2372 non
785 2310 878 2374 fuisse
901 2308 1013 2390 (‘Conl.
1033 2332 1066 2376 n.
1079 2314 1132 2388 71,

90 2482 126 2543 δ’
135 2483 260 2565 Religio
270 2483 414 2547 naturalis
426 2482 623 2544 mooltctcnon
636 2488 683 2543 est
693 2480 887 2545 insufficiens.
901 2483 1020 2545 Exinde
1032 2490 1134 2548 autem

55 2568 139 2649 qnod
155 2570 291 2649 prosim
301 2587 362 2631 non
382 2567 505 2640 suflicit,
528 2569 595 2647 quis
610 2569 821 2639 concluderet,
838 2571 936 2629 Deum
952 2570 1081 2649 obligari
1094 2574 1133 2635 ad

55 2654 288 2717 Rev'eletionem
311 2654 439 2717 dandam
461 2670 582 2735 semper
601 2660 632 2713 ct
653 2655 793 2715 omnibus
812 2652 1003 2715 hominibus?
1023 2657 1133 2721 Nonne

55 2740 231 2803 ilemliber
242 2741 332 2802 estin
344 2739 559 2804 distributione
574 2755 695 2800 suorum
715 2735 953 2799 heneficiommt
964 2739 1132 2802 Obscurato

56 2827 91 2889 in
102 2826 277 2888 hominibus
287 2826 379 2905 lapsis
395 2825 509 2886 lannine
523 2825 667 2894 naturali,
679 2824 737 2885 Dei
753 2823 872 2886 bonitas
885 2824 1014 2885 humano
1025 2827 1133 2905 generi

55 2927 120 2973 non
130 2910 242 2984 deluit3
255 2910 325 2973 data
338 2911 421 2973 enim
438 2911 497 2971 luit
513 2911 674 2972 Revelatio
687 2909 819 2980 Adamo,
840 2927 908 2987 quae
920 2910 1025 2971 abillo
1038 2928 1133 2991 usquc

55 2996 269 3068 adlioemnm,
281 3004 313 3058 et
325 2997 363 3057 ab
375 2996 434 3057 hoc
446 2994 571 3073 ejusque
582 2993 670 3064 liliis,
684 2995 824 3071 aquibus
838 2995 909 3055 dein
922 3011 1018 3073 genus
1029 2994 1133 3058 huma·

56 3096 134 3141 num
143 3080 308 3153 deseendit,
321 3081 485 3144 traditione
497 3086 662 3160 propagata
671 3078 736 3138 luit.
745 3079 777 3138 si
791 3077 904 3139 deinde
918 3089 1067 3158 cornrpta,
1081 3083 1133 3142 vel

56 3156 144 3228 inter
153 3168 281 3247 gentiles
293 3167 406 3231 abolita
419 3173 479 3237 est,
491 3166 526 3228 id
547 3165 624 3227 vitio
643 3163 816 3235 homiuum,
837 3180 899 3224 non
913 3164 995 3235 Deo,
1017 3164 1132 3227 adscri-

52 3252 192 3317 hend-
203 3262 260 3319 est.

89 3341 239 3405 Homines
250 3358 269 3403 a
280 3344 347 3403 Deo
356 3341 435 3420 justo
448 3339 551 3420 judice
564 3355 627 3399 non
644 3337 883 3407 damnabuntur,
897 3337 979 3416 quod
999 3336 1066 3398 sinc
1079 3353 1132 3400 sun

53 3426 302 3511 eulpaRevelata
318 3428 481 3506 Religione
500 3425 668 3494 caruerint,
688 3424 742 3485 sed
759 3424 840 3501 quod
858 3423 943 3503 leges
961 3423 1130 3496 naturales,

53 3520 270 3591 qmsnorunt,
287 3514 388 3574 libere
401 3511 579 3592 transgressi
599 3510 722 3571 luerint.
741 3511 877 3571 Facienti
895 3510 976 3588 quod
994 3510 1071 3570 inse
1086 3515 1132 3570 est

51 3600 209 3665 Maon
228 3601 351 3662 deerit:
369 3602 436 3662 Non
455 3607 497 3660 est
517 3599 643 3678 acceptio
660 3615 850 3676 personarum
869 3598 949 3678 opud
959 3599 1070 3668 Deum,
1088 3599 1132 3661 ait

31 3686 165 3751 ducor
186 3686 333 3749 Gentimn
358 3686 464 3762 (Rom.
480 3683 579 3753 l‚ll‚
598 3683 771 3761 etam:
792 3687 840 3743 An
864 3683 1032 3744 iudeorum
1052 3681 1131 3746 Dettt

49 3776 182 3845 tutan,
196 3771 316 3850 inquit?
328 3772 428 3833 Notene
438 3778 465 3830 ct
479 3770 629 3830 Gentium?
643 3770 736 3829 Immo
745 3775 772 3829 ct
785 3768 928 3830 Gentium.
941 3769 1022 3829 Deus
1032 3766 1130 3845 justis-

12 3904 15 3909 .
47 3854 144 3923 fi!
151 3856 253 3939 judex
262 3872 504 3936 unumquemque
512 3853 661 3932 judicabit
671 3852 755 3930 juxta
767 3854 880 3916 talenta
893 3860 925 3912 et
936 3852 1047 3931 gratias
1059 3869 1130 3917 con·

49 3938 166 4019 ὡς
178 3943 284 4007 minus
301 3943 402 4024 exiget
418 3943 457 4004 ab
471 3958 523 4012 eo,
541 3942 593 4020 qui
605 3941 705 4001 minus
717 3942 845 4022 accepit.
865 3937 1018 4001 Sedunde
1030 3940 1129 4006 sciunt

63 4038 208 4123 3⁵th
228 4066 428 4119 Cirrltllanlsrnns
441 4067 532 4116 mundo
546 4078 651 4116 contus.
669 4066 786 4128 llorgan:
804 4062 944 4132 Philosoph.
957 4064 1040 4122 lioral,
1056 4067 1127 4123 um,

47 4138 211 4207 mnus
220 4136 292 4192 Batti
300 4150 343 4192 tur
351 4140 377 4192 la
385 4134 505 4192 uttesutt'·
517 4136 580 4207 dela
590 4135 710 4202 religion,
720 4149 746 4201 p.
756 4136 795 4187 lo.
