2716 4838
328 444 374 491 ott
392 443 622 493 TEMPORIBUS
639 443 766 495 SACMS
785 446 1023 496 HBBRAEORUM.
1169 446 1218 495 ”i

250 568 380 637 smil.
391 574 468 622 -Dc
487 574 557 623 iostts
576 574 765 624 mtematortbas
784 574 945 625 Hebraeomm
963 574 1112 638 genomtim.

176 702 251 755 669.
265 700 456 764 Solemniora
467 703 543 771 testa
554 704 754 765 ttebraeomm
766 712 853 767 etant
867 706 946 768 testa
963 705 1134 777 Paarbotr'o,
1146 707 1222 768 rm-

138 789 269 859 tecostr's,
289 796 320 849 et
334 791 607 851 interamnanam.

174 873 265 934 Festa
277 874 431 936 Pascbatis
444 884 475 936 et
488 875 763 939 'tabernaculorum
775 876 1008 938 celebrabantur
1017 897 1088 940 cmn
1096 886 1221 950 oetava;

136 959 236 1037 prima
249 967 391 1021 autemst
402 960 507 1022 ultima
518 962 638 1023 illorum
648 961 928 1023 diestantummodo
947 979 1041 1024 sacrae
1054 972 1159 1035 eram,
1173 963 1223 1026 bis

136 1062 214 1104 vero
226 1046 337 1107 diebus
349 1048 464 1108 Judaeis
476 1067 545 1109 suos
554 1049 640 1110 cibos
652 1064 758 1127 parare
771 1049 887 1110 licitum
905 1056 970 1109 erat
982 1050 1093 1122 (Exod.
1110 1050 1160 1123 ii,
1173 1049 1222 1110 ib.

136 1129 213 1191 Lcr.
226 1131 279 1199 25,
292 1132 358 1208 53).
369 1135 492 1196 Festum
505 1135 694 1196 Pentecostis
706 1135 775 1196 sinc
785 1141 892 1195 octava
904 1135 1128 1197 celebrabatur.

174 1217 223 1276 nd
236 1219 292 1277 tria
304 1218 370 1280 naec
389 1221 465 1281 testa
474 1219 658 1281 celebranda
672 1237 778 1280 omnes
789 1220 890 1280 tndaei
903 1220 998 1280 adulti
1010 1238 1045 1282 so
1056 1221 1224 1298 antiquitus

136 1300 177 1360 ad
195 1303 440 1376 tabernaculum,
464 1314 609 1385 etpostea
624 1306 663 1366 ad
684 1307 829 1385 templum
840 1307 1140 1384 hierosolymitanam
1150 1324 1224 1367 con
1324 1376 1326 1381 .

135 1385 219 1446 terro
229 1387 393 1451 debebant.
407 1393 533 1452 Munera
546 1391 714 1453 offerebant
727 1391 918 1452 exsecrandis
931 1391 1225 1460 decimis‚secuadis

135 1473 288 1549 pecudum
299 1476 523 1555 prnnogemtrs
536 1485 567 1537 et
578 1477 719 1538 secundas
728 1477 871 1558 primitus
880 1479 1063 1547 constantra
1072 1474 1222 1538 menfica
1331 1531 1334 1536 .

135 1557 321 1632 atterebant,
333 1565 475 1625 convivia
495 1564 709 1634 instituebant,
729 1572 820 1642 atque
837 1565 902 1625 Deo
916 1563 956 1625 de
973 1564 1092 1627 collatis
1111 1562 1172 1626 sibi
1184 1578 1222 1623 ac

135 1644 255 1704 nationi
266 1645 426 1710 beneficiis
437 1650 550 1728 gratias
559 1650 783 1730 persolvebant.

448 1789 590 1858 sxxvnr.
600 1794 673 1842 -m
693 1785 756 1842 testo
774 1792 912 1842 mamus

173 1910 247 1964 070.
261 1911 329 1970 Hoc
341 1911 450 1973 testum
462 1913 495 1973 in
507 1912 684 1973 memoriam
703 1910 892 1972 admirabilis
903 1911 1095 1971 liberationis
1102 1910 1224 1971 israeli-

136 2001 235 2054 tarum
247 2013 283 2056 ex
296 1998 448 2078 AEgvptm
472 2007 504 2059 et
521 1999 761 2060 conservationis
774 2015 878 2057 eorum
894 1997 1165 2077 primogenitorum
1181 1997 1228 2058 ab.

134 2080 246 2154 angelo
261 2084 511 2154 eatenainatore‚
535 2085 750 2163 Egyptiorom
771 2085 989 2163 primogenitos
1008 2083 1221 2158 interimento,

136 2165 305 2228 institutam
316 2171 426 2244 (bland.
443 2173 487 2231 ta.
499 2172 521 2248 )‚
535 2172 787 2231 solemnissimum
804 2171 911 2232 testum
928 2172 1127 2230 Hebraeorum
1143 2176 1221 2228 erat·

136 2251 187 2311 Ab
203 2251 350 2314 hebraico
365 2255 493 2326 moneta,
508 2256 636 2318 transire
649 2255 859 2334 significante,
876 2255 1005 2324 roseta,
1019 2254 1100 2333 quod
1119 2253 1221 2314 Graeci

136 2338 228 2397 etiam
245 2340 336 2399 Piraeo
349 2342 469 2412 dicunt,
480 2358 535 2402 seu
547 2343 688 2402 transitos
698 2349 902 2422 nuncupatum
911 2341 978 2413 fuit,
987 2358 1024 2402 eo
1035 2341 1115 2418 quod
1129 2348 1222 2401 troctt

134 2425 330 2502 praecedente
347 2444 501 2506 egressum
519 2430 720 2489 israelitarum
736 2445 774 2487 cx
786 2430 923 2507 AEgypto
937 2427 1064 2507 angelus
1076 2426 1222 2488 exterrui—

134 2515 225 2568 nator
235 2512 372 2573 transivit
385 2514 490 2576 domos
504 2515 717 2584 Hebraeorum,
732 2529 857 2589 quarum
867 2522 968 2591 postes
979 2513 1127 2590 sangnine
1136 2510 1225 2591 ngat

134 2592 288 2656 Pascbaiis
300 2599 388 2658 tincti
398 2598 641 2674 iderantssixod.
656 2598 724 2674 tt).

172 2680 296 2738 Decima
307 2690 412 2756 quarta
421 2680 473 2741 dio
486 2683 598 2741 mansis
609 2680 709 2749 abib,
725 2687 829 2756 postca
843 2680 937 2740 Nisan
950 2681 1041 2751 dicti,
1058 2697 1114 2741 seu
1129 2683 1221 2762 primi

134 2765 249 2843 mensis
259 2763 330 2821 anni
343 2765 435 2832 sacri,
449 2766 532 2824 inter
540 2766 615 2825 duas
624 2780 781 2840 vesperas,
796 2764 854 2823 boc
867 2773 913 2824 est
923 2767 1031 2844 spatio,
1045 2766 1127 2842 quod
1139 2767 1223 2826 inter

135 2855 301 2906 nostratem
315 2846 592 2909 boramsecundam
604 2848 842 2927 pomeridianam
860 2850 1007 2926 usquead
1027 2857 1142 2911 sextam
1159 2851 1223 2911 cir-

135 2932 216 2992 citer
238 2934 442 3011 vespertinam
462 2934 611 3004 elabitur,
634 2936 740 3014 agam
763 2933 917 2995 Pascbalis
936 2934 1138 2996 immolandus
1155 2942 1224 2996 erat

135 3019 147 3094 (
156 3016 251 3076 Exod.
267 3018 328 3094 ta).

172 3105 241 3162 dam
257 3104 377 3164 decima
393 3104 446 3165 die
462 3104 537 3166 dicti
555 3105 669 3165 mensis
687 3103 902 3183 paterfamilias
921 3121 1031 3184 agntrm
1048 3106 1225 3168 anniculum

135 3189 186 3251 vel
200 3189 323 3250 boedum
342 3191 631 3269 seponemttssxod.
645 3191 696 3260 ta,
709 3190 758 3250 1-6
767 3192 793 3266 ),
806 3207 898 3266 quem
915 3190 1035 3250 decima
1051 3198 1157 3267 quarta
1168 3191 1224 3252 die

135 3276 272 3354 ejusdem
284 3277 398 3338 mensis
411 3278 493 3338 inter
506 3277 580 3337 duas
593 3293 735 3357 vesperas
749 3277 779 3336 in
794 3275 1005 3344 tabernaculo,
1020 3282 1053 3335 ct
1066 3285 1170 3354 postea
1188 3278 1223 3338 in

135 3362 249 3440 tempto
261 3363 299 3422 ad
315 3379 396 3422 aram
415 3362 590 3423 immolabat
601 3363 713 3437 (Exod.
728 3362 804 3422 ibid.
819 3362 847 3436 ),
863 3369 894 3421 et
910 3361 1052 3422 sacerdos
1069 3361 1135 3438 ejrts
1150 3377 1224 3421 san·

134 3449 259 3525 guinem
279 3448 317 3508 ad
335 3449 445 3527 pedem
464 3449 567 3511 altaris
580 3448 751 3529 spargebat.
767 3449 800 3507 la
814 3450 965 3526 Egyptm
983 3447 1102 3524 natando
1114 3447 1225 3509 testum

134 3531 289 3593 Paschatis
310 3535 490 3613 primariae
515 3535 703 3596 celebratum
724 3532 1052 3613 fuit,.patrestamilias
1073 3532 1226 3612 sanguine

134 3619 206 3695 agni
218 3614 319 3698 postes
332 3636 450 3680 suarum
464 3620 607 3679 domuum
621 3615 895 3694 tinxeruntOExod.
912 3618 960 3689 it,
974 3618 1026 3695 t).
1245 3661 1247 3664 -

173 3701 279 3783 Agnus
297 3705 448 3766 Pascbalis
466 3706 674 3782 trajiciebatur
689 3705 806 3765 duobus
823 3704 955 3773 baculis,
975 3704 1070 3764 altero
1087 3720 1144 3782 per
1156 3702 1225 3764 lora·-

133 3806 221 3872 gum,
240 3800 271 3852 ct
280 3792 375 3852 altero
389 3793 426 3852 ad
440 3793 534 3871 podes
546 3794 731 3862 anteriores,
746 3800 775 3850 et
785 3792 829 3852 sic
842 3788 1092 3868 quasiemcibms
1102 3791 1226 3869 integer

134 3878 291 3938 assabatur
302 3881 333 3937 in
347 3878 479 3938 clibano.
495 3880 619 3938 amatus
637 3876 874 3938 manducabatur
889 3893 958 3937 cum
978 3875 1082 3937 berbis
1094 3879 1223 3948 amaris,

134 3978 190 4023 aen
201 3963 327 4023 lactucis
339 3963 522 4041 agrestibus,
536 3978 605 4039 quae
617 3961 664 4021 itti
674 3978 814 4041 saporem
824 3961 987 4022 addebant.
1004 3963 1108 4039 Agnus
1118 3963 1175 4022 iste
1188 3961 1226 4022 itt

135 4048 275 4126 qualibet
294 4048 409 4111 tamitia
433 4046 636 4112 mactandas
653 4057 737 4122 erat,
759 4047 815 4111 sed
834 4047 873 4111 ad
896 4047 982 4110 illum
999 4046 1229 4111 comedendum
