2708 4846
152 497 199 546 sea
558 499 601 563 ns
623 498 823 546 insusurra

150 591 248 650 Deum
255 592 408 671 simplices
418 593 600 652 tentationes
609 591 939 670 mentalesambagibus
952 591 1223 671 inintelligibilibm

151 677 460 758 involutashpostolis
466 677 1015 755 manifestasse,antEvangelistaseas
1026 678 1071 738 ita
1082 680 1224 756 conscrip

149 765 243 827 sisso?

186 854 259 909 saa.
277 851 325 912 lll.
349 850 490 912 Tentatio
516 850 631 915 Christi
653 851 685 910 in
706 866 798 912 sensu
812 849 938 910 litterali
956 859 1102 929 accepta,
1125 852 1224 911 etrite

150 939 326 1007 intellecta,
352 953 413 996 nou
438 936 565 996 offendit
584 937 645 996 nisi
670 936 866 1015 empiricum,
886 935 940 1012 qui
964 934 1070 1011 rejicit
1088 935 1225 1014 quidquid

148 1025 287 1088 sensibus
299 1023 471 1085 examinare
483 1024 600 1100 nequit.
613 1024 674 1082 Nos
688 1023 772 1081 illam
782 1022 825 1082 ita
837 1021 1048 1099 intelligimus.

185 1113 334 1191 Malignus
358 1111 482 1188 spiritus
504 1104 543 1169 de
567 1108 756 1169 beatitudine
775 1125 828 1169 sua
848 1107 996 1185 dilapsus,
1017 1108 1225 1187 felicitatisque

147 1197 286 1261 hmnanae
300 1196 430 1263 invidus,
441 1202 686 1272 protoparentum
694 1194 951 1273 praevaricationis
961 1202 1071 1255 auctor
1083 1195 1224 1255 extiterat.

148 1286 296 1347 Audierat
313 1282 374 1359 jam
389 1281 428 1340 ab
444 1280 532 1338 initio
544 1297 649 1339 corum
665 1280 781 1359 lapsus,
796 1280 981 1340 nasciturum
994 1277 1063 1339 iore
1083 1279 1137 1358 qni
1150 1285 1225 1359 eaput

146 1373 284 1451 torpeatis
298 1375 451 1430 contenet
460 1369 470 1442 (
480 1367 558 1426 Gen.
570 1365 599 1435 δ,
612 1367 647 1425 ld
655 1366 678 1443 ),
688 1372 720 1426 et
732 1367 785 1443 qui
798 1373 1019 1444 consequenter
1032 1365 1187 1426 homicide
1195 1365 1225 1426 ut

145 1459 229 1518 teritio
240 1460 252 1535 (
265 1457 353 1515 Joan.
365 1453 397 1522 8,
407 1453 459 1527 hh)
469 1451 549 1511 vires
567 1452 756 1530 intringeret.
764 1452 847 1513 lllius
856 1451 985 1530 proinde
993 1451 1149 1512 intererat
1156 1451 1224 1511 hunc

145 1538 552 1621 omnipotentembominum
562 1546 797 1617 cognoscerent
805 1539 830 1600 si
841 1545 942 1618 posset
951 1555 985 1598 se
995 1537 1044 1597 illi
1052 1545 1223 1618 opponeret.

182 1632 365 1707 Perceperat
381 1623 602 1685 verisimillime
620 1632 732 1685 astutus
749 1624 802 1684 ille
824 1623 963 1703 spiritus,
975 1623 1114 1684 humano
1129 1625 1224 1705 spiritu

145 1717 238 1776 multo
248 1712 421 1796 perfectior,
433 1728 500 1788 quae
513 1710 546 1770 in
555 1709 668 1774 Christi
680 1711 854 1781 nativitate,
868 1717 1022 1789 pastorum
1032 1719 1064 1770 et
1077 1712 1224 1791 Magorum

145 1801 332 1868 adoratione,
345 1798 377 1858 in
390 1795 625 1877 praesentatione
637 1797 670 1855 in
684 1796 813 1873 templo,
827 1813 862 1855 ac
875 1796 906 1853 in
919 1795 1037 1857 Christi
1051 1796 1223 1876 baptismate

144 1887 353 1964 contigerant;
373 1898 467 1961 quare
486 1882 593 1941 desum
610 1881 797 1941 Nazarenum
818 1880 960 1939 hlessiam
978 1897 1047 1941 esse
1067 1883 1224 1960 suspicatus

144 1983 201 2036 est.
214 1975 271 2033 Ast
282 1986 397 2051 pauper
407 1967 520 2029 Christi
532 1967 684 2036 nativitas,
697 1967 760 2027 vita
770 1965 897 2026 obscura
906 1966 979 2026 illuc
989 1984 1090 2045 usque
1100 1975 1224 2048 peracta,

143 2062 239 2122 forma
250 2057 403 2118 ordinaria
414 2055 556 2133 pauperis
564 2053 706 2122 bominis,
719 2053 809 2112 immo
822 2052 939 2130 species
951 2055 1139 2132 peccatoris,
1147 2055 1224 2114 illmn

145 2145 271 2207 dubium
283 2141 492 2202 reddiderunt.
506 2140 573 2198 lloc
586 2138 713 2199 dubium
726 2139 930 2218 depositurus,
946 2139 1109 2202 Christum
1120 2139 1221 2217 triplici

143 2230 323 2298 tentatione,
333 2227 411 2305 gulae
421 2241 544 2304 nempe,
555 2227 707 2303 superbiae
717 2234 748 2286 et
760 2226 907 2298 avaritiae,
916 2225 1028 2303 quibus
1042 2226 1125 2288 vitiis
1133 2225 1221 2285 bomi-

141 2332 199 2375 ncs
211 2314 322 2393 passim
341 2313 503 2376 ducuntur,
527 2316 645 2370 tentare
662 2327 820 2390 aggressus
836 2318 891 2372 est.
915 2312 998 2387 Quid
1020 2330 1099 2372 vero
1121 2313 1152 2373 in
1169 2310 1223 2371 boc

143 2400 300 2467 absonum,
311 2396 385 2475 quid
396 2394 600 2455 incredibile?
609 2396 658 2455 hd
669 2398 773 2458 divina
785 2399 910 2460 consilia
922 2397 989 2461 haec
1001 2401 1134 2461 tentatio
1147 2415 1222 2478 spec-

143 2487 241 2553 tabat:
255 2501 348 2563 quare
364 2479 523 2542 Matthaeus
536 2477 548 2557 (
559 2499 586 2542 c.
596 2482 630 2551 lt,
643 2483 656 2539 l
667 2485 678 2558 )
688 2484 752 2544 ait:
768 2506 784 2542 n
798 2487 887 2544 Jesus
899 2485 1008 2546 ductus
1021 2486 1114 2546 estin
1126 2485 1221 2547 deser·

144 2591 161 2629 u
173 2578 267 2631 tuma
280 2569 397 2649 spiritu.
410 2587 426 2624 u
440 2567 604 2630 «Christus
617 2569 723 2629 debuit
739 2588 794 2650 per
811 2572 913 2631 omnia
929 2571 1078 2633 iratribus
1090 2568 1220 2641 similari,

144 2658 214 2719 uait
226 2659 263 2719 b.
277 2655 401 2726 Paulus,
414 2663 448 2715 ut
458 2655 630 2716 misericors
640 2654 727 2717 heret
739 2666 770 2718 et
783 2656 881 2719 fidelis
893 2658 1034 2736 pontifex
1051 2661 1093 2721 ad
1115 2662 1220 2728 bem.

142 2751 206 2804 »ut
225 2741 441 2822 repropitiaret
456 2739 568 2800 delicta
584 2741 688 2820 populi
704 2762 711 2800 :
727 2744 759 2802 in
779 2759 817 2803 eo
836 2743 919 2803 enim
936 2744 968 2802 in
983 2762 1045 2822 quo
1062 2762 1167 2825 pasus
1180 2752 1221 2805 est

142 2849 159 2886 u
172 2831 420 2909 ipseettentatus,
426 2834 534 2904 potens
545 2834 591 2887 est
603 2835 633 2887 et
644 2829 698 2898 eis,
709 2830 760 2906 qui
775 2837 939 2900 tentantur,
952 2831 1097 2892 auxiliari
1110 2830 1219 2910 (liebr.

144 2916 204 2985 »9,
219 2914 337 2991 l7-l8).

178 3000 380 3076 Evangelistae
388 2999 517 3081 triplicis
525 2999 702 3062 tentationis
710 3002 785 3061 lesu
791 3002 1031 3062 circumstantias
1044 3006 1217 3071 omiaemntt

141 3092 173 3144 at
184 3085 351 3146 verisimile
364 3093 423 3155 est,
437 3086 590 3149 Christum
604 3087 724 3164 expleto
737 3088 937 3165 quadraginta
948 3088 1073 3149 dierum
1085 3088 1218 3151 totidem·

141 3187 201 3246 quo
211 3171 346 3231 nochum
353 3173 469 3251 jejunio
477 3190 530 3233 sua
538 3181 645 3249 sponte
659 3173 900 3250 Hierosolymam
911 3174 994 3246 iisse,
1006 3183 1040 3234 ut
1050 3177 1219 3238 missionem

140 3271 224 3316 suam
245 3256 380 3317 divinam
400 3258 523 3334 publice
545 3259 749 3336 auspicaturus
770 3260 890 3319 Patrem
909 3277 997 3319 suum
1015 3261 1217 3323 coelestemin

140 3343 253 3421 templo
267 3351 375 3402 oraret.
389 3341 522 3419 Aliquod
535 3344 645 3403 testum
657 3344 832 3404 Judaeornm
844 3353 907 3403 tum
916 3345 1111 3409 imminuisse
1123 3344 1217 3426 colligi

139 3429 262 3489 videtur
281 3446 318 3489 ex
344 3429 480 3489 Matthaei
499 3430 532 3498 lt,
551 3429 586 3501 6,
607 3432 661 3491 ubi
682 3432 792 3491 atrium
809 3433 914 3509 templi
938 3431 1057 3495 Judaeis
1074 3435 1218 3515 remam

139 3512 268 3590 supponi
280 3512 411 3580 videtur,
425 3513 468 3570 ita
477 3519 510 3571 ut
523 3519 656 3573 tentator
667 3514 788 3577 Christo
801 3513 840 3573 de
853 3513 965 3573 itinere
979 3515 1218 3598 Hierosolymam

138 3595 323 3658 instituendo
333 3598 563 3667 locutus,illum
577 3599 817 3676 Hierosolymam
830 3596 999 3660 conduxerit
1021 3621 1081 3663 seu
1104 3602 1218 3665 conoe

140 3688 186 3742 tas
203 3684 256 3752 ait,
270 3684 341 3743 dein
354 3701 427 3743 vero
453 3684 622 3744 conduxerit
646 3703 737 3763 super
757 3688 834 3746 alam
848 3687 971 3765 templi,
985 3705 1080 3766 quam
1098 3682 1216 3750 Hebraei

138 3771 275 3845 tempore
294 3769 517 3830 solemnitatum
534 3770 740 3831 conscendere
761 3772 841 3832 soliti
852 3772 943 3833 luisse
965 3774 1128 3844 videntur,
1141 3783 1174 3835 ut
1188 3773 1216 3831 in

138 3851 248 3911 atrium
258 3855 368 3933 populo
379 3861 442 3915 tum
453 3855 598 3915 refertum
610 3857 767 3917 commode
780 3858 939 3937 despicere
951 3869 1089 3937 possent·
1102 3861 1215 3925 Christo

138 3933 356 4015 Hierosolymis
380 3940 413 3999 in
432 3941 577 4001 viciniam
598 3942 740 4002 Jordanis
760 3944 903 4003 redeunti
922 3945 1038 4020 (Joan.
1063 3948 1095 4019 l,
1113 3947 1170 4023 29)
1187 3959 1215 4003 se

138 4024 270 4081 tentator
284 4023 384 4084 denuo
403 4025 574 4104 conjunxit,
586 4036 675 4106 atque
692 4029 817 4089 illumin
828 4038 963 4091 montem
981 4035 1215 4111 excelsumque

138 4102 276 4170 Christus
287 4110 366 4183 ibat,
377 4111 476 4175 denuo
490 4114 627 4176 conduxit
646 4133 701 4179 seu
717 4119 930 4180 corrritntusest.
