2708 4846
69 509 434 528 ...m—“Qut

443 629 763 717 APPENutx

132 851 136 863 ·
230 823 493 881 SUBSIDIORUM
511 826 823 882 HERMENEU'I'ICAE
838 827 978 894 SACRAE,

115 994 148 1032 ur
162 994 291 1044 reserens,
306 996 440 1035 omnious
453 997 599 1047 murem,
615 997 780 1037 rrurosmes
796 998 902 1046 saenis,
917 997 1086 1052 samara,

246 1068 424 1121 wunnerus,
438 1069 584 1121 museus,
600 1071 635 1108 ac
650 1071 755 1109 noranta
771 1070 956 1110 momorum.

505 1237 694 1271 -QD—

409 1391 590 1454 sncho
614 1392 789 1455 PRIMA.

484 1563 524 1612 DE
538 1563 715 1613 ementi.

225 1795 242 1864 s
257 1799 277 1846 1.
286 1821 316 1834 -
325 1798 362 1847 Ite
372 1797 500 1848 retusum
510 1799 661 1860 generatim,
671 1797 699 1848 et
707 1798 795 1860 priscis
805 1798 861 1857 ejus
873 1797 971 1848 incoila·

95 1953 168 2010 837.
181 1954 354 2014 Pmrsrma
368 1959 414 2014 est
422 1970 514 2033 parva
527 1954 613 2033 regio
625 1954 720 2031 Synae
734 1955 766 2012 in
775 1953 858 2014 Asia.
867 1952 1026 2031 decipitur
1038 1957 1139 2015 autem

59 2057 118 2099 vox
129 2038 478 2116 Pataesttnaequaudoque
490 2055 581 2099 seusu
591 2039 746 2109 stricto,et
757 2037 957 2099 communiter
966 2037 1137 2099 seusulator

58 2125 154 2203 priori
175 2141 265 2184 sensu
282 2131 398 2202 sumpta
411 2124 549 2204 designat
565 2124 722 2204 regionem
739 2124 982 2194 Palaestinorum,
996 2140 1050 2184 seu
1066 2120 1139 2183 Phi-

57 2208 331 2285 munerumque
349 2209 434 2285 juxta
455 2227 537 2270 mare
560 2208 817 2270 Mediterraneum
836 2226 854 2269 a
874 2210 953 2269 Gaza
977 2207 1139 2270 meridiem

57 2310 163 2355 versus
171 2311 265 2372 usque
279 2294 414 2371 Lyddam
423 2296 662 2374 septentrionem
675 2313 780 2357 versus
792 2295 995 2374 protenditur.

94 2380 253 2441 Palaestina
275 2397 365 2440 sensu
386 2380 447 2441 iate
469 2388 593 2457 accepta
613 2382 764 2462 siguificat
778 2390 871 2442 totam
888 2383 1047 2461 regionem
1060 2381 1139 2446 eha-

57 2481 152 2536 naan,
166 2484 220 2527 seu
232 2468 358 2526 Terram
381 2469 573 2545 premissam,
592 2486 659 2544 quae
676 2485 760 2528 mare
779 2468 1052 2538 Mediterraneum,
1070 2469 1139 2527 Jor-

58 2554 188 2625 danem,
203 2571 237 2617 ac
249 2572 331 2614 mare
342 2556 492 2614 Mortuum
507 2552 677 2631 interjacet.
695 2557 782 2633 Saepe
797 2562 897 2616 mmeu
909 2554 948 2615 ad
962 2554 1138 2616 citeriorem

57 2647 176 2719 partem
188 2640 329 2701 Jordanis
340 2640 545 2713 restringitur.

95 2727 166 2781 658.
174 2725 268 2786 Prisci
281 2724 390 2786 incolae
402 2724 571 2784 Palaestinae
583 2723 673 2784 iatius
685 2730 990 2802 sumptae,antequam
996 2724 1034 2784 ab
1045 2725 1139 2785 lsrae-

58 2810 123 2872 titis
138 2811 357 2890 possideretur,
372 2809 493 2869 fuerunt
504 2807 534 2867 1⁰
545 2809 664 2870 Sidonii
675 2850 684 2880 ,
697 2809 820 2869 Sidonis
832 2811 947 2888 posteri
957 2811 1034 2887 ,qui
1048 2827 1139 2871 oceu-

57 2905 168 2977 parunt
181 2898 354 2975 regionem,
366 2896 420 2958 ubi
431 2895 552 2956 suerunt
561 2896 652 2955 urbes
664 2894 775 2966 Sidon,
785 2897 884 2976 Tyrus
897 2904 929 2956 et
942 2898 1059 2968 Acron,
1070 2912 1138 2974 quae

58 2988 164 3060 postea
175 2982 336 3043 Ptolemais
348 2988 520 3059 nuncupata
533 2980 598 3041 tuit.

95 3066 127 3126 2⁰
140 3065 278 3137 Hethoei,
296 3067 408 3144 posteri
424 3067 525 3126 Heth:
543 3065 663 3125 illorum
679 3065 772 3125 urbes
789 3065 910 3127 suerunt
921 3068 999 3139 Dor,
1012 3068 1137 3146 Aphee,

56 3153 78 3211 J
81 3150 194 3220 ezraii,
209 3151 353 3228 Magedo,
367 3153 490 3231 Gaigal,
504 3154 616 3213 Surena
629 3158 661 3211 et
670 3150 778 3211 Gazer.

98 3235 130 3294 5⁰
140 3236 285 3306 Jebusaei,
296 3239 407 3315 posteri
420 3238 503 3309 Jebi,
516 3246 620 3317 postea
631 3236 817 3297 Philisthiim
830 3234 915 3296 dicti.
924 3237 1037 3297 Eorum
1047 3236 1139 3298 urbes

60 3327 148 3382 erant
164 3321 260 3382 Jebus
280 3337 334 3382 seu
354 3324 538 3392 Jerusalem,
562 3321 686 3393 Laehis,
705 3321 802 3393 Geth,
824 3323 984 3391 decaron,
1005 3324 1138 3393 Aaotus,

60 3407 228 3477 Aschalen,
244 3406 342 3478 Gaza,
356 3407 470 3469 Geram
484 3415 515 3468 et
527 3407 631 3469 Dabir.

96 3490 128 3549 lt⁰
142 3492 329 3564 timonium,
343 3494 455 3573 posteri
469 3494 611 3554 Amorrh.
630 3495 745 3554 Horum
759 3491 899 3554 civitates
914 3499 1000 3553 eraut
1011 3490 1140 3563 Nabba,

61 3582 204 3641 flesebon
216 3625 224 3649 ‚
237 3583 342 3651 B0s0r‚
357 3590 388 3642 et
401 3583 529 3644 Ramoth
544 3583 668 3644 Galaad.

97 3666 129 3725 δ’
140 3667 310 3744 Gergesaei,
323 3669 436 3743 posteri
447 3668 566 3745 Gergis.
582 3669 705 3729 iliorum
716 3668 809 3728 urbes
824 3667 944 3727 suerunt
955 3670 1139 3736 Damascus,

61 3750 192 3811 Machati
205 3796 213 3822 ,
228 3752 350 3820 Gessur,
365 3752 464 3822 Soba,
478 3753 629 3824 Theman,
645 3753 826 3823 Astharath,
841 3761 872 3812 et
883 3754 976 3812 Adra.

97 3836 129 3897 6ο
142 3838 265 3905 Heraei,
279 3836 393 3916 posteri
405 3837 503 3897 Heve.
518 3839 651 3917 Ipsorum
665 3839 756 3900 urbes
770 3841 891 3899 iuerunt
903 3838 1029 3899 Jerieho
1041 3881 1049 3910 ,
1061 3837 1138 3909 Hai,

59 3921 187 3994 Bethel‚
207 3922 329 3992 Gabaa,
341 3921 461 3992 Lebna,
474 3922 623 3994 Macedo,
636 3924 780 3985 etBezer.

82 4005 129 4147 til:
143 4008 250 4148 praei,
263 4007 377 4088 posteri
388 4011 479 4068 Arae.
492 4006 594 4070 Urbes
607 4025 713 4069 eorum
730 4018 817 4070 erant
833 4009 957 4072 Eseboo
971 4052 979 4080 ,
996 4007 1138 4090 Madian,

62 4102 80 4147 e
129 4103 204 4148 era.
