2708 4846
145 464 189 515 158
537 465 585 514 Μ
607 461 831 513 ludunum

144 548 338 631 mus'J'utmn't
351 557 490 619 diluuium
504 560 547 619 'sit
566 558 735 636 mysterium
752 556 836 635 fidoi,
851 553 927 633 qttod
938 555 1016 614 relic
1032 568 1093 614 aon
1108 550 1203 615 cttdd.

144 648 269 723 ltaque:

180 733 210 791 1ο
224 735 273 793 An
284 733 337 792 illa
346 733 491 812 potentia,
502 747 569 809 quae
577 730 721 790 mundum
731 729 764 789 in
773 728 926 789 creatione
935 727 1020 805 aquis
1029 728 1205 802 obvolverat,

143 821 282 881 eumdem
292 821 436 880 mundum
445 820 553 880 iisdem
562 819 645 896 aquis
655 818 812 879 involvere
824 834 884 876 non
895 816 1012 894 potuit?
1024 816 1133 893 Aquae,
1145 832 1207 896 qus

141 908 222 968 Deus
239 914 306 987 post
324 907 508 966 creationem
524 910 691 984 separarat,
711 902 850 962 abierant
871 902 980 980 partim
1001 902 1034 961 in
1054 903 1163 974 maria,
1182 909 1207 964 ct

142 993 250 1070 partim
272 994 304 1051 in
328 991 565 1070 atmosphaernm.
589 991 638 1049 lln
660 989 733 1049 istas
759 986 1057 1065 aquaslconjungere
1081 989 1208 1067 nequivit

142 1086 259 1137 creator
269 1078 356 1155 liujus
368 1078 520 1137 universi?
531 1076 643 1153 Moysis
656 1082 756 1134 autem
767 1075 805 1134 de
817 1074 930 1134 diluvio
945 1074 1072 1134 historia
1083 1075 1207 1145 indicat,

142 1166 237 1224 [lemn
252 1164 343 1225 hasce
361 1181 451 1242 aquas
469 1162 675 1240 conjunxisse,
690 1160 893 1238 mundumque
908 1162 991 1237 quasi
1011 1162 1044 1220 in
1057 1162 1209 1239 pristinum

140 1266 225 1310 suum
238 1257 346 1311 statum
362 1250 506 1310 recidisse
514 1267 522 1319 3
537 1247 644 1309 scribit
656 1247 752 1317 enim,
765 1247 861 1306 Deum
875 1247 1040 1307 removisse
1052 1248 1131 1320 vim,
1149 1264 1209 1327 quc

140 1352 231 1414 aquas
239 1337 331 1397 maris
341 1343 372 1395 et
384 1336 465 1405 coeli,
477 1332 747 1412 scujatmosphacrae
758 1332 926 1391 retinebat:
940 1353 955 1387 «
967 1333 1060 1411 llupti
1072 1342 1151 1404 sunt,
1161 1336 1208 1407 ait,

140 1441 276 1485 uomncs
294 1423 391 1484 tontes
406 1422 506 1499 abyssi
517 1437 645 1499 magnae,
666 1427 697 1479 et
713 1425 868 1479 cataractae
885 1420 954 1478 coeli
967 1428 1080 1499 apertae
1096 1431 1208 1494 simtu

140 1525 175 1569 ac
193 1509 322 1589 proinde
339 1526 424 1587 aquae
440 1514 509 1588 post
527 1506 714 1567 creationem
726 1505 848 1574 divisae,
861 1505 959 1566 denuo
974 1509 1069 1568 unitae
1083 1508 1207 1571 iuemnt.

139 1596 215 1673 Quis
226 1614 299 1657 vero
315 1596 451 1674 negabit,
468 1596 540 1654 istas
556 1609 647 1670 aquas
661 1592 717 1652 toti
733 1593 845 1653 mundo
856 1593 894 1652 ad
909 1595 1070 1654 maximam
1081 1596 1209 1658 altitudi-

139 1700 211 1744 nem
223 1684 388 1764 operiendo
404 1681 574 1742 suffecisset
587 1683 680 1739 lmmo
696 1679 775 1739 haud
791 1680 942 1740 immerito
954 1682 997 1741 ait
1009 1682 1048 1743 cl.
1064 1683 1176 1745 Plucbe
1188 1684 1208 1755 ¹,

139 1776 252 1828 tantam
263 1770 381 1848 copiam
392 1784 566 1846 aquamme
582 1766 658 1825 mari
678 1773 710 1826 et
731 1765 930 1845 atmospbaera
949 1768 1053 1847 colligi
1065 1777 1209 1848 poseant

140 1856 251 1936 duplex
264 1857 411 1917 diluvivmt
426 1855 643 1916 efformarctur.

174 1944 286 2004 Deistae
299 1944 404 2006 volunt
412 1960 495 2002 mare
508 1943 542 2002 in
553 1958 606 2003 suo
616 1943 684 2003 sinu
694 1940 863 2003 efformasse
876 1949 995 2004 montes
1003 1944 1207 2019 secundarios,

140 2046 303 2106 omnesque
332 2037 450 2089 montes
471 2030 642 2089 successive
664 2028 865 2105 cooperuisse.
887 2030 945 2090 Hic
965 2046 1041 2091 vcro
1056 2031 1207 2106 adserunt,

140 2116 237 2193 ipsum
248 2113 539 2191 satisprolunditatis
550 2130 611 2170 non
621 2111 734 2172 habere
744 2113 781 2173 ad
790 2113 976 2193 ipsosdcnuo
984 2119 1207 2195 cooperiendos

140 2200 188 2258 An
202 2198 320 2276 quando
328 2199 411 2276 juxta
424 2198 504 2275 ipsos
514 2203 648 2256 montem
658 2197 858 2274 Chimboraco
868 2202 900 2260 in
912 2203 1040 2262 Peruvia
1051 2204 1210 2286 90001110·

139 2284 221 2354 dum,
236 2292 267 2344 et
282 2291 399 2343 montes
410 2282 525 2341 Thibet
540 2283 572 2340 in
587 2281 680 2342 lndiis
693 2283 890 2345 orientalibus
906 2286 1010 2357 18000
1020 2291 1135 2368 pedum
1146 2291 1211 2353 ulti·

141 2370 252 2430 tudinis
268 2369 425 2446 cooperuit
443 2369 468 2439 *,
488 2385 549 2427 non
564 2368 798 2446 profunditatem
813 2372 885 2431 1000
897 2372 1026 2452 pedibas
1042 2376 1135 2458 longe
1151 2396 1212 2441 ma·

137 2459 234 2532 jerem
247 2456 396 2516 habebat?
411 2455 530 2515 Falsum
547 2462 607 2524 est,
625 2471 709 2515 mare
725 2459 893 2535 generatim
908 2478 968 2520 non
984 2464 1144 2527 continere
1155 2466 1210 2529 nisi

141 2543 213 2604 1000
233 2542 327 2623 pedes
346 2542 571 2620 profunditatum
596 2543 638 2601 ita
658 2543 740 2602 enirn
760 2544 840 2604 nulla
857 2549 1013 2627 proportio
1033 2551 1113 2612 ieret
1135 2554 1213 2613 inter

140 2630 298 2690 cavitatem
317 2636 379 2705 tam
396 2629 535 2706 exiguam
551 2636 582 2688 et
597 2628 780 2688 soliditatem
799 2631 882 2708 globi
900 2635 1060 2707 terrestris,
1075 2636 1128 2715 qui
1141 2638 1213 2700 001)

139 2717 289 2778 leucarum
299 2718 330 2776 in
341 2716 487 2778 diametro
498 2714 600 2776 habet.
611 2717 728 2777 Falsum
739 2718 832 2796 igitur
844 2726 904 2792 est,
920 2720 1066 2784 10111ῑῖ0
1075 2724 1213 2787 Oceanus

139 2805 297 2883 requisitos
309 2805 399 2865 luisse
413 2802 451 2862 ad
463 2811 582 2863 montes
596 2797 825 2879 cooperiendos.

175 2892 289 2951 Auctor
308 2889 475 2951 Studiomtm
491 2887 637 2949 ll'oturae'
656 2890 803 2959 ostendit,
826 2891 1007 2952 solutionem
1027 2895 1141 2973 glaciei
1158 2898 1212 2960 sub

139 2975 254 3037 duobus
265 2976 354 3055 polis,
370 2983 401 3035 et
417 2991 508 3053 super
520 2990 643 3053 magnas
653 2975 747 3034 series
759 2976 906 3036 montium
918 2978 950 3036 in
965 2988 1027 3038 toto
1040 2983 1117 3043 orbe
1132 2985 1212 3047 exia-

139 3063 239 3133 tentis,
253 3060 317 3121 fere
328 3061 425 3121 solam
436 3057 634 3121 sufficientem
648 3078 713 3120 esse
728 3062 783 3121 toti
795 3063 906 3122 mundo
916 3064 1102 3128 inundando.
1116 3071 1147 3130 A
1156 3071 1212 3131 ior·

137 3149 206 3207 tiori
219 3149 245 3208 si
257 3149 286 3208 ei
296 3145 407 3225 junctae
418 3155 518 3206 essent
528 3163 613 3222 aquae
623 3147 828 3225 atmospbacrae
842 3156 873 3208 et
884 3152 1026 3224 marium,
1041 3158 1211 3219 cuminaria

135 3236 202 3313 plus
213 3234 301 3312 spatii
312 3239 458 3310 occupent
471 3248 560 3308 quam
570 3234 738 3293 continens.

171 3321 295 3389 Deistaa
305 3327 339 3377 ut
351 3319 502 3396 explicent
513 3318 662 3395 quomodo
677 3319 836 3398 conchylia
847 3322 978 3395 marina,
991 3330 1068 3396 etc,
1082 3327 1115 3387 in
1127 3328 1212 3391 altis-

136 3405 227 3466 simos
243 3411 360 3463 montes
376 3404 588 3481 pervenerint,
610 3404 709 3474 aiunt,
730 3423 812 3465 mare
829 3409 984 3468 antecessivo
1004 3411 1037 3471 in
1058 3419 1122 3474 toto
1135 3416 1212 3477 orbe

135 3493 226 3554 fuisse
234 3511 241 3562 ;
254 3491 310 3550 luit
320 3489 533 3567 proindcjuxta
547 3490 628 3567 ipsos
637 3490 786 3553 sufficiens
796 3499 1033 3575 aquarumcopia
1042 3499 1082 3559 ad
1091 3510 1211 3565 montes

136 3578 291 3640 successive
301 3574 520 3653 cooperiendos
531 3593 538 3631 ε
549 3574 609 3650 jam
622 3595 694 3636 vcro
709 3581 827 3654 Moyses
839 3598 899 3641 non
909 3581 994 3653 dicit,
1007 3602 1114 3647 omnes
1125 3606 1211 3649 mou-

135 3673 181 3728 tes
198 3666 287 3726 tuisse
307 3661 471 3723 simultcnee
484 3662 521 3720 ad
536 3663 672 3723 eamdem
688 3665 877 3727 altitudinem
893 3670 978 3746 aquis
993 3678 1105 3745 tectos3
1118 3690 1212 3753 aquas

137 3751 347 3813 decrescentes
355 3747 463 3808 diluvii
477 3746 552 3809 dicit
567 3749 634 3810 iisse
646 3757 674 3809 et
684 3751 802 3813 rediisse
813 3753 901 3830 (Gen.
913 3755 946 3827 8,
961 3755 1001 3832 5),
1017 3756 1112 3819 idest
1127 3760 1213 3822 tluxu

165 3884 311 3950 ¹Spectacle
321 3887 353 3936 de
362 3886 386 3935 la
396 3885 495 3934 llatvuc.
504 3885 550 3922 -2
558 3888 648 3937 Etudes
661 3887 692 3937 de
702 3890 725 3937 la
736 3890 839 3951 Nature,
849 3892 868 3940 t.
880 3904 899 3941 1.

165 3958 312 4011 ‘summitas
322 3960 441 4009 montium
456 3960 482 4007 in
492 3963 581 4012 Thibct
592 3964 618 4010 in
628 3962 704 4009 lndiis
711 3963 875 4014 Orientalibus
884 3966 1059 4017 inaccessibilis
1070 3968 1120 4020 buc
1131 3984 1212 4037 usqne

138 4029 229 4077 credita
240 4030 329 4090 iuerat3
341 4031 384 4079 sed
394 4031 424 4077 D.
433 4030 511 4078 chb
521 4032 567 4081 boc
578 4045 641 4081 anno
652 4032 711 4080 1817
723 4033 791 4084 illam
802 4035 898 4085 invenlt
908 4049 960 4086 esee
971 4038 1058 4100 28,000
1067 4041 1164 4103 pedum
1175 4044 1214 4093 at-

138 4097 225 4152 tiorcnt
234 4100 317 4149 libelle
325 4112 407 4152 mane.
420 4101 558 4151 minantes
566 4105 624 4152 sunt
632 4102 743 4152 altissimi
767 4106 809 4168 qui
819 4108 959 4163 noscuntur.
