2708 4846
485 454 665 505 tintinnum
684 452 879 506 SACRORUH·
1175 455 1222 503 123

170 550 296 611 librom
305 548 412 609 Tobiae
421 549 508 626 Juxta
520 549 869 625 exemplarclraldaicmn
876 564 935 629 ope
942 547 1221 630 interpretisJudaei

131 639 247 717 linguae
259 636 426 698 chaldaicae
443 637 537 716 periti
556 636 656 712 (coni.
670 636 1057 712 amministrandam,
1075 644 1107 698 et
1118 645 1223 716 postea

133 717 201 804 ipse
220 722 334 781 librum
353 721 463 783 iudith
482 739 520 782 ex
539 721 685 783 idiomate
706 721 863 783 chaldaico
883 721 916 782 in
937 721 1071 801 linguam
1097 723 1224 784 latinam

133 805 298 867 transtulit.
313 805 400 866 Alios
422 806 519 867 libros
540 807 654 867 veteris
673 806 809 867 Foederis
822 808 1024 887 Hieronymus
1040 825 1103 868 non
1119 808 1221 870 vertit.

173 891 326 952 Tradrvxit
338 898 439 951 antam
454 893 657 970 Hieronymus
665 891 758 953 hosce
767 893 863 953 libros
875 893 1055 965 successive,
1065 909 1103 953 eo
1111 910 1223 974 nempe

134 976 260 1045 ordine,
270 993 330 1052 quo
344 976 410 1054 ejus
422 977 512 1038 amici
527 977 595 1037 illos
606 976 770 1037 vertendos
783 977 930 1054 petebant
941 975 962 1034 ¹.

172 1062 332 1141 Rvpressit
340 1062 545 1141 Hieronymus
553 1080 674 1124 sonsum
684 1063 844 1123 Librormn
854 1079 1006 1122 sacrorum
1016 1059 1157 1135 fideliter,
1168 1065 1224 1127 sed

135 1145 317 1225 quandoque
347 1147 553 1224 antiquiorum
579 1150 783 1228 interpretum
808 1163 976 1226 graecorum
992 1148 1133 1209 terminis
1151 1166 1225 1213 visus

136 1241 192 1302 est,
204 1249 244 1292 ne
257 1233 351 1293 nimia
363 1233 624 1312 interpretationis
634 1234 769 1295 novitate
782 1234 913 1294 lectores
923 1232 1102 1305 offenderet,
1111 1242 1146 1295 ut
1157 1235 1223 1314 ipse

134 1316 278 1389 latetur',
299 1326 330 1378 et
348 1318 421 1379 hinc
432 1318 465 1380 in
472 1320 534 1380 suis
551 1320 777 1381 commentariis
789 1318 971 1398 quandoque
987 1319 1140 1397 propriam
1153 1338 1226 1383 ver-

135 1405 253 1468 sionem
266 1406 403 1483 corrigit.

170 1490 333 1550 Nonnullae
344 1499 445 1551 autem
455 1491 668 1571 discrepantiae
676 1490 826 1552 versionis
833 1489 1090 1568 vulgataeatextu
1097 1491 1222 1556 hebraeo

135 1575 370 1656 proficiscuntur
381 1577 419 1636 ab
437 1580 665 1639 amanuensium
676 1578 808 1649 incunda,
825 1584 859 1636 ut
871 1579 881 1652 (
892 1576 970 1636 Gen.
982 1574 1016 1645 5,
1028 1575 1083 1651 m)
1096 1579 1222 1659 spsepro
1332 1645 1337 1651 ,

135 1663 203 1740 ipsa
215 1661 266 1721 vel
275 1663 387 1739 opsttm3
399 1660 411 1737 (
421 1663 499 1724 ibid.
512 1663 578 1732 c.8,
591 1663 630 1739 7)
644 1672 670 1722 et
681 1681 740 1724 noa
751 1662 946 1722 revertebatur
954 1678 1009 1731 nro
1023 1668 1049 1719 et
1066 1667 1224 1725 reverteba-

137 1760 202 1818 tur,·
214 1748 225 1823 (
236 1748 317 1807 Gen.
330 1747 381 1816 ll,
397 1747 455 1823 15)
472 1750 602 1809 trecentis
616 1750 707 1808 sunu
720 1766 775 1826 pro
788 1748 1005 1826 quodnapmtis
1024 1749 1144 1825 triptota
1159 1760 1224 1814 octo

136 1831 190 1906 (n.
214 1833 311 1910 101),
335 1841 366 1893 et
387 1833 638 1912 (Exornata)
654 1834 760 1912 ulydvti
781 1836 840 1893 trio
863 1832 960 1892 millio
974 1850 1030 1911 pro
1048 1836 1109 1893 triu
1127 1838 1223 1897 millio

136 1920 148 1995 (
157 1919 238 1980 conl.
253 1937 284 1977 n.
299 1918 384 1998 ldd).
844 1956 855 1971 ι

171 2007 283 2066 Libros
291 2023 393 2066 sacros
405 2006 478 2066 novi
498 2004 685 2066 Testamenti
708 2005 739 2065 S.
761 2005 966 2081 Hieronymus
984 2005 1102 2066 collatis
1119 2007 1223 2070 multis

136 2090 296 2152 codicibus
307 2092 416 2168 graecis
429 2098 460 2149 ct
471 2090 653 2150 recensione
669 2090 814 2197 Oriprenis
829 2088 867 2149 ad
879 2106 988 2168 preces
1003 2092 1123 2152 Damasi
1136 2095 1172 2154 11.
1187 2096 1221 2156 Ρ.

136 2176 286 2245 conexit,
308 2181 340 2235 et
358 2191 467 2252 graecae
487 2174 559 2234 fidei
584 2174 719 2233 restituit
743 2218 752 2235 .
773 2176 819 2235 Ne
837 2182 939 2235 autem
956 2175 1081 2252 populos
1096 2177 1222 2240 lectioni

136 2257 252 2317 veteris
280 2256 430 2316 versionis
453 2257 536 2315 ltalae
563 2255 703 2316 adsuetos
739 2273 793 2317 sua
817 2256 1006 2317 correctione
1035 2257 1220 2331 offenderet,

136 2358 252 2402 novum
270 2342 380 2402 Foedus
396 2342 440 2401 ita
451 2342 599 2412 correxit,
613 2361 629 2397 c
645 2348 679 2400 ut
698 2340 746 2401 his
763 2348 892 2413 tantum,
910 2359 978 2419 quae
999 2358 1121 2403 sensum
1133 2345 1222 2407 vide-

138 2450 156 2486 »
170 2428 280 2490 bantur
288 2437 421 2499 mutare,
435 2428 718 2507 correctis,reliqua
730 2445 855 2490 manere
866 2436 1058 2508 patereturut
1071 2421 1218 2494 fueranff.

171 2512 301 2576 Constat
314 2515 409 2592 igitur
422 2515 551 2593 Vulgata
563 2520 666 2574 nostra

176 2599 208 2658 1ο
218 2601 264 2661 Er
279 2601 368 2662 libris
393 2600 639 2676 protocanonicis
658 2600 772 2659 veteris
787 2598 925 2659 Foederis
946 2616 964 2658 a
983 2603 1013 2660 S.
1032 2601 1222 2681 Hieronymo

135 2685 221 2764 juxta
237 2694 353 2747 textum
370 2685 541 2756 hebraenm,
555 2691 586 2743 et
600 2701 637 2743 ex
655 2683 744 2744 libris
760 2684 867 2743 Tobiae
879 2683 1031 2744 acdudith
1039 2683 1123 2762 juxta
1138 2689 1240 2750 chal--

139 2772 262 2834 daicum
273 2770 437 2832 translatis.

176 2855 209 2918 2⁰
220 2859 265 2917 Ex
274 2855 362 2915 libris
374 2860 406 2914 et
417 2851 555 2931 partibus
567 2851 682 2910 veteris
697 2849 833 2910 Foederis
845 2850 950 2928 quales
965 2859 1052 2912 erant
1067 2855 1100 2913 in
1123 2856 1224 2918 veteri

139 2943 282 3004 versione
293 2939 377 3000 ltala.
390 2939 431 2998 Hi
447 2938 520 2997 linai
532 2954 568 2997 ac
578 2944 680 3013 panes
691 2942 761 2996 sunt
773 2954 780 2994 :
792 2936 961 3014 Sapientia,
978 2939 1222 3015 Ecclesiasticus,

139 3026 270 3095 Baruch‚
284 3027 296 3083 l
311 3031 342 3083 et
356 3026 381 3082 ll
394 3021 657 3089 ltlachabaeorum,
669 3020 805 3100 Epistola
817 3022 960 3081 leremlae
971 3065 980 3092 ,
992 3023 1109 3102 septem
1118 3027 1229 3092 ultima'

138 3111 243 3188 capita
253 3108 326 3166 libri
342 3105 493 3176 listheris,
507 3105 567 3165 duo
579 3104 686 3164 ultima
696 3104 794 3182 capita
814 3104 966 3176 Danielis,
981 3108 1076 3168 oratio
1094 3112 1222 3184 Azariae,

141 3202 175 3256 et
191 3191 343 3253 canticum
360 3190 452 3249 trium
464 3205 641 3269 puerorum,
656 3197 746 3267 atque
765 3189 958 3261 Psalterium,
970 3191 1051 3269 quod
1064 3196 1225 3259 nonnullas

142 3289 244 3341 tamen
260 3275 464 3336 correctiones
475 3276 506 3335 S.
518 3274 698 3354 Hieronymi
709 3274 856 3335 continet.

180 3365 325 3422 Verterat
342 3360 485 3439 equidem
510 3360 714 3437 Hieronymus
733 3358 912 3421 Psalterium
931 3358 1016 3438 juxta
1038 3367 1153 3423 textum
1168 3362 1225 3425 he-

143 3450 280 3519 braeum3
296 3447 351 3508 scd
363 3447 431 3509 hmo
443 3447 544 3507 versio
561 3447 601 3506 ob
620 3447 743 3526 longcnn
763 3454 795 3507 et
811 3447 967 3527 publicum
983 3465 1068 3509 usum
1085 3450 1225 3512 Psalterii

144 3536 258 3596 veteris
269 3534 418 3595 versionis
429 3533 511 3594 ltalae
524 3534 558 3595 in
569 3550 656 3595 usum
675 3534 820 3596 Ecclesiae
838 3542 962 3614 recepta
973 3552 1035 3596 non
1048 3536 1104 3596 luit
1114 3524 1141 3606 ³,
1154 3537 1226 3614 quia

176 3702 186 3741 ¹
197 3706 266 3754 Hier.
277 3704 348 3754 Praei.
360 3704 386 3752 in
396 3705 501 3765 Parallp.
511 3704 538 3752 ln
548 3705 617 3753 lisdr.
630 3706 657 3754 et
670 3707 774 3755 Helium.
784 3718 812 3754 nc
824 3706 954 3755 inl’entat.
967 3730 998 3742 -
1006 3703 1019 3740 ¹
1027 3708 1096 3756 Hier.
1111 3706 1183 3755 Praei.
1193 3708 1226 3758 ad

145 3774 280 3823 Commcnt.
292 3776 318 3821 in
331 3775 396 3822 Eccl.
409 3775 436 3821 ct
445 3772 516 3822 Praei.
527 3774 553 3821 in
567 3773 914 3823 rentat.-³ntcron.1³raet.
927 3776 957 3823 ad
966 3777 1140 3836 Damasum,et
1149 3777 1226 3829 11111.
1275 3798 1286 3817 ·

145 3845 235 3906 Script.
247 3845 340 3892 liccles.
351 3867 381 3878 -
390 3837 481 3891 ⁸Hier.
498 3842 570 3890 Prael.
581 3843 607 3890 in
621 3844 879 3906 QuetuorEvanyelia.
887 3841 938 3880 -5
948 3845 1093 3894 Psalterlum
1105 3846 1227 3896 verslouls

147 3915 214 3965 italae
230 3914 258 3961 in
274 3913 382 3961 Ecclesia
397 3912 467 3959 Hom.
480 3912 651 3960 conservatum
665 3913 714 3962 fult
727 3925 804 3973 usquo
819 3913 852 3961 ad
867 3914 970 3962 mulum
980 3915 1011 3973 V,
1021 3914 1065 3974 qui
1080 3916 1105 3963 ci
1116 3914 1226 3974 Vulgata

146 3984 255 4031 Holmoe
270 3981 408 4030 sulsttolt.
424 3981 554 4029 Praetatnm
568 3981 714 4030 Prelterlum
725 3982 806 4031 adhoc
822 3982 905 4032 Homae
921 3984 947 4030 ln
961 3984 1064 4030 Basilica
1081 3982 1105 4028 S·
1123 3981 1188 4031 Petri
1199 3983 1226 4033 et

147 4050 291 4101 venatum
301 4048 405 4098 ccclesia
416 4048 440 4096 S.
452 4048 669 4098 llarcladlvtlmtur.
