2708 4846
150 442 198 495 Μ
556 444 603 493 bit
622 442 819 493 bunnuaria

152 558 168 594 a
181 534 339 597 vertantur
350 537 382 597 in
392 536 553 608 infernum,
564 559 580 594 n
592 538 625 599 id
636 545 681 599 est
690 538 720 596 ia
729 533 918 615 sepulchrum.
931 533 980 606 Ps,
988 531 1076 603 5't,8:
1087 532 1207 601 «Veniat

151 623 225 681 oilli
240 624 379 701 laqueus,
393 641 483 702 quem
496 625 629 703 ignorat:
644 633 675 685 et
687 628 801 703 captio,
819 638 910 701 quam
926 618 1103 691 abscondit,
1115 635 1206 699 oppres

150 709 293 773 ulrendat
308 730 388 773 eum.
401 733 417 768 n
430 714 478 773 Ps.
491 712 539 781 bl,
553 712 607 772 ld:
624 732 640 768 a
652 711 764 771 Veniat
776 726 857 770 mors
868 724 958 787 super
973 707 1044 769 illos
1055 714 1089 769 et
1098 704 1203 769 deseen-

150 797 292 858 »dantia
305 798 455 858 infernum
464 797 682 877 (sepulchrum)
692 796 842 860 viventes.
855 818 871 854 a
885 798 932 858 Ps.
945 794 1060 867 lma:
1074 795 1199 868 tuam.

149 885 230 962 aqui
244 887 363 946 tenebit
375 893 407 947 et
419 886 524 947 allidet
535 886 676 965 parvulos
689 892 756 946 tuos
769 885 808 946 ad
822 892 949 964 petram.
963 905 980 941 a

183 972 390 1041 Pslestta:
403 967 1198 1053 aConstituesupercompeocatoremtvinmimpiant
1239 976 1241 983 '

147 1077 164 1116 a
179 1066 211 1118 et
223 1058 361 1119 diabolus
372 1058 471 1135 (hebr.
484 1059 688 1129 adversarius,
702 1058 868 1134 accusator)
878 1064 964 1118 steta
978 1055 1092 1117 dextris
1103 1050 1198 1133 ejusitl

147 1162 164 1201 n
177 1145 264 1203 illum
281 1144 504 1220 accusandum).
521 1145 620 1222 Quum
632 1144 785 1222 iudicatur
800 1151 886 1204 exeat
898 1141 929 1220 (e
939 1141 1069 1220 judicio)
1085 1138 1199 1201 eoudttt·
1239 1198 1241 1203 .

146 1238 282 1291 enatus:
299 1238 329 1290 et
341 1232 438 1290 oratio
449 1231 513 1308 ejus
523 1232 641 1310 (petitio
655 1231 754 1292 venia
769 1238 820 1290 aut
831 1228 1042 1291 diminutionis
1053 1222 1199 1307 poenaeffl
1239 1296 1241 1307 Ι

146 1317 208 1376 oin
221 1323 379 1396 peccatum
393 1318 488 1393 (nono
500 1317 535 1389 {ei
548 1325 683 1378 vertatur
695 1316 841 1393 crimini).
858 1316 946 1375 Fiant
961 1315 1027 1375 dies
1040 1314 1105 1393 ejus
1115 1312 1197 1393 paud:

146 1421 162 1460 a
176 1409 207 1463 et
223 1404 426 1480 episcopatum
440 1403 570 1478 (munus)
588 1402 653 1482 ejus
667 1404 796 1482 accipiat
814 1405 901 1464 alter.
922 1403 1011 1463 Fiant
1028 1400 1084 1461 salii
1099 1400 1199 1479 ejuot·
1239 1400 1241 1411 '

146 1488 279 1568 aphani,
296 1496 328 1548 et
338 1506 414 1549 uxor
427 1490 491 1567 ejus
500 1489 627 1551 vidua...
640 1490 739 1552 induit
752 1489 880 1570 (induat)
891 1485 1199 1576 maledictionem&
1239 1504 1241 1519 ¹

145 1594 161 1632 a
174 1577 402 1647 vestimentum,
419 1584 479 1637 ete.
494 1598 509 1632 n

182 1663 256 1718 294.
269 1663 468 1725 Recentiores
481 1662 621 1723 nonnulli
639 1669 775 1743 erogatae
790 1657 992 1733 arbitrantur,
1006 1656 1199 1741 Judaelspvll·

145 1748 299 1810 cularibus
312 1748 456 1826 equidem
466 1749 633 1810 vindictam
646 1764 791 1810 exercere
805 1748 886 1809 baud
903 1748 1042 1818 licuisse,
1057 1747 1135 1809 bene
1144 1758 1198 1809 aut
1239 1800 1241 1809 .

143 1844 249 1916 petere
274 1839 393 1907 aDeo,
412 1843 446 1896 ut
468 1837 534 1915 ipse
558 1853 625 1897 eam
650 1842 824 1897 exerceret:
847 1837 916 1895 Meo
938 1843 980 1896 est
995 1835 1085 1905 ultio,
1101 1834 1200 1897 dona

143 1923 288 1993 Domino,
303 1930 334 1982 et
346 1941 396 2001 ego
414 1923 574 1983 retribuam
589 1924 688 2000 (Dent.
705 1921 757 1995 δῇ,
775 1921 837 1998 53),
857 1928 1012 1982 autumant
1029 1918 1198 1982 dilectionem

143 2010 336 2069 inimicorum
346 2011 486 2071 Hebraeis
497 2011 631 2087 ignotam
640 2010 745 2080 fuisse,
757 2017 788 2070 et
796 2027 813 2069 a
822 2008 942 2072 Christo
952 2009 1084 2089 primum
1092 2022 1199 2087 praecep

142 2103 206 2157 tarn
222 2113 299 2166 esse,
316 2095 399 2173 juxta
414 2097 490 2157 illud
506 2095 621 2158 Christi
643 2096 763 2173 (llattb.
782 2096 814 2169 t,
835 2094 952 2173 lebild:
972 2117 988 2153 a
1006 2092 1198 2173 dudulim&

144 2201 160 2238 a
173 2181 364 2244 dictumest:
378 2181 495 2263 Diliges
506 2182 677 2260 proximum
688 2190 788 2253 tuum,
804 2191 835 2244 et
847 2182 917 2243 odio
927 2181 1060 2243 habebis
1069 2178 1199 2243 minione

143 2286 160 2324 a
173 2274 274 2337 taum,
296 2284 353 2346 ego
367 2275 468 2328 autem
483 2266 552 2328 dico
566 2268 669 2329 vobis:
680 2268 799 2348 diligite
809 2267 949 2330 inimicos
958 2276 1092 2342 vestrm,
1101 2263 1201 2331 butad-

143 2371 159 2408 n
173 2351 234 2411 cite
248 2351 297 2411 his
310 2352 361 2429 qui
380 2352 509 2412 oderunt
522 2370 587 2413 vos.
602 2372 618 2409 n

179 2439 293 2499 Verum
312 2439 378 2501 haec
391 2439 541 2500 sententia
558 2440 735 2501 adversatur
749 2437 864 2511 amori,
880 2458 971 2520 quem
988 2448 1126 2505 auctores
1137 2434 1201 2503 leel

141 2541 259 2584 morum
276 2524 344 2585 aliis
357 2524 389 2584 in
401 2524 478 2585 loeis
497 2541 571 2604 erga
583 2525 722 2588 inimicos
739 2527 886 2605 produnt,
905 2535 937 2588 et
951 2527 1072 2597 Exodo,
1092 2522 1200 2601 mii-t,

141 2609 195 2670 ubi
208 2611 327 2687 Moyses
343 2609 535 2671 inimieorum
553 2611 733 2672 charitatem
749 2613 892 2675 inculcat.
904 2614 1103 2675 Textusvero
1112 2608 1200 2675 detti

141 2695 171 2767 t,
184 2695 283 2765 t5-tt,
304 2696 430 2757 exhibet
447 2697 557 2758 malam
579 2697 883 2777 interpretationem,
905 2717 996 2777 quam
1016 2696 1202 2763 Pharisaeidt
1237 2696 1241 2705 '

141 2800 232 2843 versu
248 2781 282 2840 itt
294 2783 401 2861 capitis
416 2782 591 2844 lutevani
607 2784 786 2845 reddebant.
800 2786 914 2846 Textus
927 2784 985 2845 iste
999 2784 1130 2847 Levitiei
1145 2782 1203 2847 dn

140 2867 263 2948 pliciter
272 2869 331 2927 ait:
346 2888 362 2925 a
375 2869 492 2948 Diliges
504 2871 634 2930 amicum
647 2878 730 2929 tuum
741 2872 818 2931 sieut
829 2873 965 2950 teipsum
983 2872 1077 2948 (coni.
1090 2891 1121 2934 n.
1131 2870 1199 2949 tit*

176 2955 321 3015 Nonnulli
334 2955 518 3036 interpretes
528 2957 712 3018 arbitrantur
722 2959 771 3018 Ps.
781 2958 844 3029 408,
855 2958 936 3026 6-l9,
948 2956 1204 3021 inimieosDarid'!

139 3041 299 3118 loquentes
309 3041 423 3114 induci,
437 3044 730 3122 imprecationesque
742 3044 774 3103 in
787 3046 884 3124 ipsum
898 3044 1049 3105 Davidem
1062 3045 1203 3117 recidua,

140 3144 177 3189 eo
193 3128 274 3205 quod
290 3127 389 3189 David
401 3135 473 3189 ante
486 3137 594 3208 etpost
605 3131 697 3191 hosce
710 3146 813 3191 versus
826 3131 858 3190 in
868 3130 1013 3211 singulari
1023 3131 1204 3212 loquitnm

138 3233 170 3276 v.
180 3213 218 3274 28
233 3230 372 3292 expresse
386 3213 478 3287 dicit,
496 3215 636 3277 inimicos
651 3216 709 3295 ipsi
724 3216 918 3278 maledicere.

175 3302 233 3362 Ast
244 3300 342 3361 obstat
352 3300 432 3377 quod
446 3301 542 3362 David
554 3301 615 3363 nd
631 3302 677 3362 uti
692 3308 722 3362 et
739 3320 769 3363 v.
790 3301 804 3361 l
824 3304 922 3363 Dernu
940 3302 1127 3384 alloquatur,
1137 3300 1205 3387 omi

138 3404 170 3449 v.
179 3386 219 3447 20
227 3385 492 3463 imprecationem,
505 3394 593 3447 antea
603 3403 728 3447 numero
741 3387 886 3466 singulari
896 3389 1063 3468 prolatam,
1073 3391 1107 3452 in
1115 3400 1205 3454 orm

137 3489 208 3534 suos
222 3470 361 3531 inimicos
376 3471 532 3541 extendat,
547 3472 688 3551 quodque
705 3470 788 3533 nit
808 3474 867 3534 sibi
886 3491 903 3534 a
923 3477 988 3535 Deo
1002 3476 1204 3539 liberation-

138 3557 334 3636 deprecetur,
350 3564 382 3615 ut
395 3564 484 3616 antea
496 3557 688 3618 inimicorum
704 3559 895 3637 punitionem
906 3569 1100 3641 poposcerat.
1112 3560 1205 3626 snite

138 3659 211 3704 vero
227 3642 366 3703 transitio
388 3658 406 3703 a
426 3643 536 3722 plurali
559 3642 597 3703 ad
619 3645 818 3724 singularem,
836 3646 1012 3725 reditusque
1028 3647 1069 3709 ad
1085 3648 1205 3729 primu

137 3727 307 3875 ppbpptpm
316 3728 508 3813 reperiuntur
518 3730 634 3810 pariter
643 3731 675 3791 in
687 3729 756 3792 aliis
766 3730 908 3804 Psalmis,
921 3740 955 3793 ut
964 3734 1013 3795 Ps.
1027 3732 1058 3807 7,
1066 3732 1100 3805 D,
1109 3732 1157 3807 tt,
1165 3730 1205 3795 l}

136 3987 140 3993 ⁵
175 3906 235 3967 Sed
244 3906 334 3970 dictae
345 3909 578 3988 imprecationes
588 3910 637 3972 vel
648 3916 718 3971 sunt
731 3911 940 3993 expressiones
951 3912 1203 3994 emphaticaooor·

137 3990 185 4052 dis
201 3993 403 4069 afflictissimi,
420 3998 531 4075 quibus
541 3998 713 4060 Orientales
727 3999 885 4081 ingentem
898 4002 991 4061 animi
1008 4000 1149 4063 dolorem
1161 4016 1204 4063 ex·

136 4075 269 4157 primore
275 4079 423 4144 solebant·
432 4082 709 4163 veldesniptiones
716 4087 845 4166 poetieae
849 4103 1016 4168 paenarum,
1028 4084 1203 4169 mirapiat
