2708 4846
135 412 192 463 ιω·
586 407 764 471 sereonas

137 502 288 566 cadamo
306 497 390 578 quud
410 496 483 578 ,elus
504 516 588 579 soum
610 499 674 563 sels
700 498 920 578 quammaxime
941 497 1073 559 imbute
1088 503 1205 570 suntet

138 586 261 647 Hebraei
285 585 408 647 nomine
430 585 504 649 satis
528 583 800 665 comprehendunt
815 581 1002 664 optumo,
1026 582 1207 647 bunnensi

137 673 260 735 nitrum

175 760 271 818 Locus
286 774 302 816 a
316 760 392 816 mari
406 752 524 819 Mortuo
534 764 702 837 ,occupatus
716 764 786 816 ante
799 756 977 834 Pentapolis
986 748 1207 820 subversionem

139 843 306 905 eratVsliis
318 845 480 921 silvestris,
490 860 618 912 amoena,
634 842 751 910 fertilis,
758 841 885 903 Jordcni
897 840 1029 923 irrigua,
1041 844 1207 923 etparadiso

139 931 260 991 Domini
277 939 459 1002 comparata.
473 930 622 990 Jordanes
635 928 725 989 modo
740 928 775 989 iu
790 926 848 989 hoc
861 927 932 989 lecu
951 928 1144 1009 deperditur.
1156 931 1208 993 Sd

139 1023 289 1077 cum'snte
300 1017 472 1076 terribilem
483 1015 751 1094 conflagrationem
770 1021 800 1074 et
812 1013 1058 1077 destructionem
1070 1016 1208 1094 Pentupc-

139 1101 204 1163 leos
215 1101 288 1161 illuc
296 1118 381 1162 suam
394 1103 549 1181 ingentem
562 1116 703 1178 aquarum
714 1101 833 1179 copiam
840 1108 1044 1170 exoneraret,
1057 1118 1124 1179 que
1136 1103 1209 1182 inpi-

140 1211 195 1255 vos
207 1193 350 1271 dispersae
371 1189 481 1248 vallem
494 1183 661 1264 irrigabant
673 1201 709 1246 uc
723 1185 956 1256 ioecundubsnt,
974 1194 1010 1247 et
1023 1187 1147 1248 tandem
1160 1188 1207 1251 sni

141 1288 253 1341 terram
264 1271 457 1344 labebantur,
472 1278 688 1351 oportetmere
708 1273 859 1331 Mortuum
876 1269 940 1348 jam
962 1279 1042 1332 unte
1068 1273 1207 1351 prauus

142 1357 381 1424 devastationem
394 1356 567 1434 Pentapolis
579 1356 624 1416 ibi
637 1355 728 1416 tuisse
740 1353 970 1416 subterraneum
980 1348 1083 1433 (Gen.
1098 1360 1144 1429 at,
1158 1359 1213 1434 ὅ),-

143 1447 196 1508 sed
211 1455 323 1507 tectum
339 1441 431 1503 densa
444 1449 542 1502 crusta
557 1448 656 1501 terrea
672 1447 836 1502 sustentatu
848 1441 1005 1521 asphalto,
1023 1453 1145 1516 eterit,
1155 1445 1203 1506 ubl

143 1532 396 1610 conglomeratum
415 1527 526 1586 dudum
543 1527 656 1597 iuerat,
675 1527 706 1585 in
730 1526 822 1586 ultum
836 1536 1028 1605 emergente.
1042 1530 1202 1608 sspiritum

142 1613 240 1676 adbuc
251 1613 341 1674 modo
352 1628 371 1671 e
384 1611 476 1671 tundo
487 1612 578 1672 meris
587 1611 697 1670 Mortui
708 1611 741 1671 in
750 1609 942 1688 superficiem
955 1630 1105 1692 aqmrum
1121 1633 1204 1677 sner-

143 1701 201 1781 git,
216 1707 305 1778 atque
317 1704 436 1777 ruptum
447 1696 477 1756 in
487 1712 589 1757 serem
602 1697 737 1756 ioetorcm
747 1697 872 1774 spargit.

181 1785 309 1848 Genesis
331 1781 769 1860 tt‚ro‚1egnurnprstau
790 1781 869 1842 valle
892 1787 966 1843 unte
988 1784 1207 1848 subversiones

144 1870 340 1949 Pentapoleos
351 1869 439 1929 tuisse
448 1868 557 1928 multos
565 1874 671 1946 puteos
682 1865 847 1935 bituminis
859 1884 917 1944 quo
930 1885 1046 1948 nempe
1053 1871 1209 1950 sspbrttu

145 1972 200 2016 seu
213 1957 351 2017 bitumen
368 1971 407 2013 es
423 1955 620 2014 subterraneo
637 1951 706 2011 lucu
720 1957 901 2030 penetrarat
924 1952 1070 2015 bitumen
1088 1955 1145 2018 boc
1158 1958 1208 2018 tu-

144 2039 292 2110 minibus,
306 2055 360 2099 seu
369 2037 439 2118 igne
451 2037 521 2098 coeli
532 2044 565 2097 ut
578 2035 699 2096 liebraei
709 2034 885 2112 loquuntur,
892 2034 977 2112 juxte
986 2039 1067 2100 Gen.
1080 2041 1129 2111 li,
1137 2041 1207 2114 §.a

145 2125 210 2185 Deo
223 2125 255 2183 in
266 2124 376 2185 vallem
393 2121 564 2197 Pentapolis
575 2121 705 2199 positive
726 2119 880 2189 immissis,
898 2122 1115 2201 conflagravit,
1125 2134 1206 2204 uper

145 2208 188 2268 its
200 2215 298 2268 crusta
313 2215 428 2275 terres,
439 2222 504 2283 quie
519 2207 615 2265 lacurn
628 2205 856 2264 subterraneum
866 2207 992 2284 tegebat
1005 2225 1063 2269 suo
1073 2219 1205 2275 mmer-

146 2291 214 2352 culo
224 2291 516 2366 bituminisprirats‚
526 2290 655 2365 inaques
663 2289 801 2360 subsidit,
814 2298 844 2350 et
852 2291 1061 2368 prodiitlaeus
1069 2297 1209 2361 murier

146 2376 234 2437 vellis
247 2382 312 2434 erat
321 2376 414 2449 (Gen.
429 2374 479 2440 to,
492 2374 595 2448 mut)
611 2374 631 2435 ¹.

181 2459 266 2518 Mare
282 2457 919 2538 nortuum,seuisamnspba1ttdas,jmta
929 2465 977 2525 iu.
994 2466 1209 2546 Josepbnmri-

145 2544 224 2625 ginti
237 2544 368 2623 quinque
380 2545 504 2605 circiter
518 2545 620 2605 leucas
634 2545 848 2625 longitudinis,
867 2557 899 2609 et
909 2567 965 2610 sex
977 2553 1106 2615 circiter
1117 2555 1210 2617 latitu-

148 2628 228 2691 dinis
239 2631 383 2691 continet.
399 2624 476 2692 cam
487 2647 549 2689 non
560 2629 747 2692 solummodo
759 2650 850 2710 equos
870 2634 1030 2707 iordanis,
1043 2639 1141 2701 sedet
1152 2639 1210 2703 iliu

148 2716 275 2778 ullorum
287 2715 444 2776 fluviorum
456 2724 487 2777 et
500 2724 665 2777 torrentum
676 2720 815 2798 recipiet,
823 2727 913 2797 atque
922 2736 994 2783 suas
1007 2738 1102 2801 eques
1111 2726 1209 2787 nullibi

146 2801 312 2862 visibiliter
320 2808 477 2872 exoneret,
492 2809 611 2879 oportet
622 2818 704 2862 mare
717 2804 866 2863 llortuum
877 2821 933 2882 per
942 2815 1062 2869 meatus
1067 2810 1209 2871 subterrt·

149 2903 223 2947 neos
235 2902 302 2946 suas
313 2901 403 2962 squas
415 2885 569 2946 effundere
581 2887 613 2946 in
626 2903 708 2948 mure
725 2889 860 2949 ltubrum
868 2889 919 2950 vel
930 2891 963 2951 in
973 2908 1061 2953 more
1073 2894 1210 2957 blediter·

149 2986 283 3030 runcum.

185 3056 386 3133 Quaecumque
396 3056 467 3119 huic
477 3057 554 3119 lacui
565 3059 796 3140 immerguntur,
808 3061 881 3122 inde
892 3071 1029 3126 exunctus
1037 3067 1113 3130 salis
1122 3073 1210 3129 orsu

150 3141 280 3202 obducta
292 3149 370 3203 sunt.
384 3145 480 3205 Tanta
491 3145 623 3206 abundet
632 3147 759 3226 asphalti
771 3165 825 3210 seu
839 3148 998 3212 bituminis
1008 3154 1113 3233 copia,
1127 3161 1160 3214 ut
1170 3170 1212 3212 res

150 3225 326 3306 ponderosae
351 3229 380 3287 ei
397 3228 516 3305 injectae
536 3230 587 3290 vix
605 3231 758 3310 submergi
779 3233 910 3311 possint,
933 3234 988 3295 sed
1007 3239 1110 3316 potius
1132 3254 1210 3317 super

151 3327 241 3390 aquas
259 3311 378 3372 fluitent
391 3331 399 3370 ι
413 3333 429 3368 <a
442 3314 518 3389 Qu'e
532 3316 708 3391 gravissima
723 3324 806 3388 sunt,
818 3317 925 3378 scribit
943 3320 989 3380 Pl.
1003 3322 1209 3403 Joscphus,in

152 3416 167 3453 ι
181 3414 250 3457 eum
264 3395 343 3474 jecta
354 3396 488 3471 iluitant.
503 3398 717 3476 Vespasianus,
739 3402 790 3478 qui
812 3402 876 3480 ejus
899 3404 1021 3466 visendi
1032 3407 1131 3482 icarus
1148 3408 1212 3469 illut

153 3489 320 3551 invenerat,
331 3482 418 3557 jussit
428 3481 572 3558 quosdam
585 3486 707 3546 notandi
720 3487 842 3558 inscios,
856 3489 967 3551 vinctis
978 3499 1048 3570 post
1060 3501 1148 3574 terge
1157 3500 1213 3555 'mu

152 3569 285 3639 onibus,
297 3569 329 3628 in
339 3568 430 3627 situm
439 3567 600 3647 projici:et
609 3573 718 3633 evenit
729 3574 883 3645 omnibus,
898 3583 1052 3654 tumqusm
1061 3580 1095 3640 vi
1105 3581 1215 3661 spiritu

152 3672 168 3711 ιι
182 3670 297 3714 sursum
308 3653 456 3732 repulsos,
470 3654 599 3734 desuper
608 3656 739 3719 tluitnre.
752 3661 855 3720 ltlultis
866 3668 968 3721 autem
979 3663 1058 3726 locis
1070 3667 1163 3727 vomit
1173 3666 1216 3727 ni-

151 3755 168 3794 ιι
181 3754 249 3816 gras
260 3736 417 3799 bituminis
429 3739 550 3817 glebas,
563 3755 630 3817 quse
645 3745 858 3821 superundam
870 3753 902 3806 et
912 3746 1021 3808 habitu
1033 3751 1217 3832 stgmsgniu

153 3839 169 3878 ι
182 3822 252 3882 dine
265 3822 432 3882 tumissine
445 3825 593 3901 capitibus
603 3828 749 3888 assimiles
757 3838 862 3890 natant
873 3830 897 3890 ¹.
912 3852 927 3888 ι
980 3838 982 3844 “

165 4013 169 4021 Ι
184 3942 192 3976 ¹
206 3943 267 4026 itale
282 3944 387 4007 calmet,
397 3946 463 3996 ilict.
474 3944 538 4029 deuia
549 3946 634 4028 Bible,
645 3951 690 4000 art
701 3951 815 4004 sodome.
826 3979 856 3993 -
867 3948 880 3991 ¹
890 3954 927 4004 rt.
938 3955 1041 4029 loseph.
1052 3961 1086 4012 ds
1094 3959 1219 4013 wiri.

153 4013 227 4069 irino,
238 4027 260 4059 r.
272 4013 295 4060 t.
305 4014 366 4062 dont
382 4015 545 4067 insuetius.
557 4017 648 4069 1ώῶ6.
