2708 4846
420 463 840 539 urertoaunsacuoluut⁴
1126 464 1160 517 to
1224 495 1228 506 -

118 557 154 617 ln
178 556 405 618 excusationem
428 574 501 619 vero
524 558 653 638 duplicis
667 559 731 636 eius
747 560 878 621 incestus
895 557 1030 639 adlegari
1042 563 1157 639 potest,

79 661 154 705 erun
174 643 228 705 vel
248 644 402 722 ignorasse
421 644 502 722 quod
519 647 581 708 suis
599 645 716 707 filiabus
730 646 936 720 accumberet,
954 647 1107 709 credendo
1123 666 1158 711 so

78 732 265 793 accumbere
280 731 383 804 uxori,
402 733 453 794 vel
469 739 551 793 unta
585 733 735 795 ebrietate
752 732 892 794 obrutum
910 733 1027 805 fusse,
1038 739 1072 794 ut
1084 735 1158 813 quid

80 816 193 895 agebat
208 818 360 888 nesciret,
372 833 431 878 nec
442 824 563 898 postero
575 817 626 880 die
637 818 718 879 illius
732 818 950 881 recordaretur.

121 902 205 963 Filiae
214 920 290 963 vero
307 903 371 981 ejus
381 905 464 965 nullo
479 905 568 966 modo
580 905 716 967 excusari
727 921 815 984 posse
828 904 986 977 videntur,
999 903 1074 965 licet
1086 904 1157 968 Ori·

83 1003 190 1067 gaes,
203 990 237 1051 S.
253 990 401 1061 lrcnaeus,
415 991 445 1050 S.
460 990 704 1068 chrysostomus,
720 989 929 1061 Theodoretus
941 996 973 1050 et
984 990 1015 1050 S.
1026 990 1157 1052 Ambro-

82 1074 204 1137 siuseos
216 1091 236 1135 a
248 1074 337 1153 eulpa
348 1074 481 1137 liberare
494 1077 593 1137 moliti
601 1077 672 1137 sint.
687 1075 822 1136 Aiebant
836 1081 933 1136 totum
943 1091 1038 1154 genus
1051 1075 1156 1139 buma-

78 1178 152 1222 nn
160 1161 308 1241 periisse,
322 1169 354 1222 et
363 1178 396 1223 se
405 1162 483 1224 solas
496 1180 553 1243 ope
565 1164 659 1242 patris
670 1162 746 1223 illud
759 1179 924 1242 propagare
933 1178 1031 1241 posse.
1042 1162 1156 1225 Verum

77 1244 304 1328 biepraetcxtus
315 1263 405 1307 caecae
416 1248 576 1329 explendae
587 1248 725 1310 libidinis
737 1246 1156 1311 tuisscvideturzmeminisse

78 1335 163 1395 enim
178 1333 337 1395 debebant
351 1336 558 1412 promissionis
573 1334 690 1415 angeli,
709 1335 761 1412 qui
776 1334 919 1414 oppidum
932 1335 1029 1414 Segor
1040 1334 1156 1397 salvum

77 1418 143 1482 iore
156 1420 296 1493 dixerat,
309 1420 447 1500 hancque
460 1423 615 1484 civitatem
625 1422 805 1483 existentem
828 1422 953 1500 iusuper
964 1429 1035 1482 ante
1052 1422 1156 1486 oculos

76 1502 251 1577 habebant3
264 1504 338 1568 binc
351 1507 429 1568 scire
439 1506 713 1580 debebant,totum
722 1523 818 1586 genus
829 1505 992 1567 hamanum
1008 1524 1069 1567 non
1086 1524 1156 1587 pcr-

76 1590 159 1652 iisse.
170 1590 313 1653 Medium
323 1592 422 1673 ipsum
432 1611 492 1672 quo
505 1611 567 1655 usae
591 1600 671 1663 sunt,
684 1592 723 1653 ad
732 1600 848 1672 patrem
859 1592 899 1654 ad
908 1592 1020 1672 duplex
1028 1591 1087 1653 hoc
1099 1592 1155 1653 lla-

76 1679 187 1757 gitimn
200 1679 422 1753 inducendum,
436 1689 481 1742 sat
495 1682 619 1760 probat,
639 1680 705 1741 illas
718 1679 807 1740 bonae
823 1677 896 1740 fidei
911 1678 993 1740 haud
1004 1678 1155 1740 fuissem

76 1771 260 1845 perpetuum
269 1771 369 1826 autem
378 1784 461 1827 suam
470 1767 623 1826 infamiam
636 1764 805 1825 nominavit
814 1771 888 1825 natu
902 1764 998 1842 major
1008 1761 1104 1822 filium
1115 1780 1155 1824 cx

76 1856 165 1927 putre
173 1858 348 1931 susceptum
358 1853 463 1922 Moab,
476 1852 621 1911 hebraice
634 1850 736 1921 Mcob,
752 1849 865 1908 idest:
880 1850 930 1909 Ex
946 1855 1030 1926 patro
1037 1866 1048 1918 ,·
1059 1848 1154 1910 altera

76 1949 156 1997 aero
165 1937 330 2017 appellavit
344 1956 428 2000 suam
441 1938 559 2017 prolem
574 1938 716 2005 Ammon,
729 1934 874 1995 hebraice
888 1933 1078 2005 Bon-Ammi,
1093 1932 1155 2017 boo

81 2030 148 2086 est:
160 2023 266 2086 Filium
272 2026 378 2108 popuii
388 2026 453 2085 mei.

312 2148 402 2217 §lllx⁸
414 2174 443 2187 -
457 2151 495 2199 De
505 2147 640 2198 mendaciis
649 2147 676 2197 ct
685 2145 764 2211 spolio
772 2145 916 2210 aegyptiaco.

113 2267 501 2351 bl.obj.(Exodil,lblll)
511 2266 699 2329 obstetrices
708 2264 886 2326 aPharaone
895 2270 1154 2330 omnesneonatos

75 2354 228 2418 masculos
240 2352 439 2416 Hebraeorum
451 2351 624 2413 interlicere
630 2354 736 2432 jussae,
748 2352 885 2411 mentitae
898 2357 982 2423 sunt,
999 2350 1151 2426 dicentes,

76 2440 201 2503 Judaeas
209 2440 277 2503 sine
291 2441 489 2501 obstetricum
498 2438 609 2499 auxilio
619 2438 720 2517 proles
730 2453 797 2498 suas
809 2437 841 2496 in
850 2436 949 2498 lucem
958 2436 1062 2497 edere·
1071 2438 1153 2501 Deus

75 2544 152 2589 vero
165 2528 254 2589 bisce
268 2525 482 2588 obstetricibus
494 2524 683 2586 benefecisse
700 2524 823 2602 legitur.
835 2523 886 2584 Au
899 2523 997 2596 Deus,
1010 2524 1094 2584 aiunt
1105 2526 1154 2584 ln-

76 2613 214 2685 creduli,
238 2610 431 2674 menducium
458 2609 643 2688 prohibere,
669 2609 804 2687 illudque
824 2609 1011 2668 remunerari
1036 2611 1153 2688 potest?

79 2730 113 2745 ·-
127 2698 244 2778 (Exodi
259 2698 311 2769 ll,
326 2696 372 2774 2).
396 2698 478 2759 Deus
499 2697 597 2774 Moysi
614 2696 727 2756 dixisse
748 2694 876 2773 legitur,
893 2699 928 2754 ut
944 2695 1094 2756 israelitas
1112 2697 1152 2758 ab

77 2786 237 2867 AEgypuis
252 2801 325 2849 vasa
340 2800 431 2846 aurea
451 2791 483 2845 ct
502 2790 646 2863 argentea
660 2790 763 2843 mutuo
781 2787 888 2860 petere
898 2779 1100 2860 tpraeciperet,
1114 2782 1153 2843 ad

78 2870 309 2937 sacrificandum
330 2870 457 2932 Jehovae
483 2870 517 2930 in
539 2869 676 2941 deserto,
697 2869 785 2944 et(c.
807 2865 857 2938 ld,
884 2864 987 2942 meo)
1010 2866 1153 2928 lsraelitae

78 2974 187 3039 reapse
198 2974 272 3020 vasa
285 2965 429 3036 argentea
446 2963 478 3018 et
493 2971 600 3027 aurea,
617 2960 793 3030 vestemque
808 2951 966 3029 plurimam
980 2950 1019 3010 ab
1034 2951 1154 3031 AEgyp-

82 3042 136 3119 liis
163 3050 266 3105 mutuo
288 3042 441 3122 accepisse
465 3041 605 3103 dicuntur
630 3059 638 3098 :
664 3047 691 3098 cl
711 3039 906 3116 spoliaverunt
916 3038 1087 3115 AEpyptios,
1111 3038 1155 3099 ait

84 3125 217 3205 Moyses.
223 3128 387 3189 Nuchus
395 3124 568 3206 huiusmodi
574 3125 685 3184 furtum
692 3124 840 3200 imperare
849 3120 1155 3199 potesttQuishuJ'us-

79 3210 168 3273 modi
180 3212 322 3295 inspirata·
341 3212 497 3274 crederet!
1208 3280 1218 3305 ι

74 3372 79 3381 ,
114 3300 293 3381 desumus
301 3289 1155 3360 hisceobstetricibusbcnefccitnoninmercedemmen·

79 3380 178 3457 dacii,
196 3384 253 3446 sed
269 3385 359 3445 bonae
376 3383 555 3455 voluntatis3
576 3383 625 3443 hae
644 3383 726 3442 enim
748 3381 846 3441 Deum
865 3376 972 3440 veritae
993 3376 1156 3437 barbarum

79 3468 247 3533 thouis
258 3475 442 3549 praeceptum
458 3474 591 3529 executae
608 3467 689 3528 haud
707 3472 785 3529 sunt.
802 3464 883 3525 Hinc
899 3480 909 3524 a
926 3463 1156 3524 «Remunerata
1180 3531 1187 3544 ‚

80 3562 173 3629 sest,
185 3556 232 3616 ait
242 3556 275 3617 S.
287 3555 488 3634 Augustinus,
504 3553 735 3626 benevolentia,
756 3568 818 3613 non
834 3548 968 3622 iallaeia3
984 3545 1156 3626 benignitas

80 3642 235 3715 omentis,
249 3657 313 3702 non
324 3641 469 3719 iniquus
480 3639 656 3700 mentientis
672 3638 693 3698 ¹.
707 3659 724 3695 n

55 3748 63 3759 ·
113 3729 202 3792 Idem
218 3727 383 3789 dicendum
405 3733 450 3786 est
463 3725 503 3786 de
522 3725 628 3787 llahab
644 3725 727 3801 (Jos.
742 3723 776 3795 d,
794 3723 862 3795 lo,
881 3720 981 3784 collat.
1001 3735 1070 3780 cum
1088 3718 1154 3783 Jac.

75 3814 180 3895 Ul),
193 3831 232 3877 ac
245 3814 285 3874 de
298 3813 396 3873 multis
415 3811 482 3873 aliis
493 3811 664 3890 hujusmodi
677 3810 824 3890 exemplis
835 3810 868 3870 in
885 3808 1039 3883 scriptura
1053 3823 1157 3868 occur·

10 3924 25 3975 ,·
53 3890 228 3965 imbus.
252 3899 350 3959 Nemo
373 3905 474 3960 autem
492 3898 551 3959 boc
570 3897 748 3968 mirabitur,
771 3895 798 3957 si
826 3889 1021 3972 perpenderit
1045 3891 1156 3954 seculo

10 3998 17 4067 ji
52 3984 183 4093 afflato
192 3983 297 4048 adbuc
305 3999 488 4062 magnopere
497 3983 679 4061 disputatum
687 3982 790 4056 tuisse,
800 3975 1157 4062 circummundanum

10 4106 18 4197 t
52 4190 56 4199 Ι
83 4084 94 4101 Γ
107 4116 233 4193 imme
243 4124 301 4181 ldb.
311 4126 377 4175 cont.
387 4120 499 4175 menduc.
510 4134 533 4174 c.
544 4122 583 4175 lt.

10 4202 51 4543 l·

1024 4188 1041 4234 ὗ
1093 4234 1097 4243 .
