2708 4846
495 510 685 559 atsnouutr
700 511 905 563 srcnontttt.
1178 516 1225 565 sot

137 598 321 660 miraculae
345 595 466 662 Christo
488 602 658 681 insignum
676 620 738 663 succ
755 603 926 665 divinitatis
946 601 1046 666 editui
1064 605 1223 682 Quomodo

137 692 203 765 post
214 682 334 749 Christi
350 683 664 763 ignominiosissimam
680 697 827 760 mortem,
845 689 916 750 dnm
928 689 990 752 illis
1005 690 1083 750 nihil
1095 690 1224 770 amplius

136 772 174 831 ab
190 788 230 832 eo
246 770 469 851 expectandum
491 780 569 846 erat,
591 773 621 834 ei
639 773 850 845 adhaesissent,
868 776 928 836 nisi
948 776 1033 836 illum
1051 776 1223 839 redivivnm

136 856 305 928 vidissent,
319 863 409 935 procu
428 858 501 936 ipsis
509 858 874 937 promiseratiQnomodo
885 860 1047 923 duodecim
1059 862 1223 942 piscatores

136 944 243 1007 idiotae
254 944 690 1025 ausiinissentmagistratibus
706 947 881 1008 ludaeorum
899 948 1045 1009 miracula
1063 948 1223 1011 manifeste

136 1030 211 1091 ialsa
231 1028 416 1090 obtrudere?
439 1030 599 1107 Quomodo
617 1032 806 1113 philosophis
824 1032 965 1113 paganis,
985 1032 1175 1112 principibus
1191 1041 1224 1096 et

135 1116 373 1195 imperatoribus
385 1116 567 1195 religionem
576 1116 697 1190 falsam,
709 1118 844 1197 ipsorum
853 1118 1043 1197 passionibus
1053 1118 1222 1193 inimicam,

137 1203 336 1273 muntiare,
358 1209 391 1263 et
405 1203 575 1274 Christum,
588 1204 679 1282 paulo
691 1212 762 1265 ante
775 1205 1013 1285 probrosissima
1025 1204 1116 1264 morti
1128 1203 1224 1266 tradi·

136 1295 217 1359 tmn,
230 1294 265 1349 nt
276 1305 382 1349 verum
389 1290 488 1350 Deum
501 1288 668 1367 praedicare
680 1292 962 1371 presumpsissenti
975 1291 1023 1350 An
1034 1288 1074 1350 ab
1084 1288 1223 1354 Hebraeis

137 1381 169 1436 ct
175 1373 494 1455 principibnspaganis
499 1383 648 1436 tormenta
655 1376 756 1437 omnia
763 1376 888 1457 ipsaque
896 1376 1223 1456 morsipsispcrtimes-

138 1458 236 1522 tenda
249 1476 313 1521 non
326 1461 430 1521 erantl
440 1460 580 1522 Proiecto
593 1461 653 1522 nisi
665 1462 803 1541 Apostoli
819 1461 858 1522 dc
870 1462 1000 1523 veritate
1009 1462 1222 1524 miraculorum

138 1542 253 1610 Christi
266 1545 392 1625 qusque
406 1547 565 1627 religionis
583 1548 673 1628 plene
689 1550 822 1610 convicti
835 1548 976 1620 inissent,
995 1546 1126 1628 intelligi
1140 1546 1221 1612 haud

137 1641 255 1712 posset,
278 1631 428 1712 quomodo
448 1635 608 1696 consilium
631 1625 784 1697 duntaxat
807 1635 888 1696 inire
910 1636 1081 1715 potuissent
1097 1653 1222 1715 persua·

137 1718 231 1781 dendi
245 1719 376 1791 Jndaeis,
389 1718 561 1790 hominem,
576 1737 666 1798 quem
675 1720 765 1800 panio
776 1726 847 1781 ante
857 1720 963 1781 vrltimo
976 1720 1124 1801 supplicio
1136 1723 1221 1783 adie-

138 1812 258 1877 cerant,
273 1822 340 1869 esse
351 1823 457 1867 eorum
468 1806 626 1875 blessiam,
639 1814 670 1865 et
679 1805 823 1883 Paganis,
834 1804 933 1867 virum
945 1804 1118 1877 hebraeum,
1130 1822 1221 1885 quem

137 1888 442 1962 illisannuutiabant,
455 1907 522 1952 esse
535 1908 641 1952 verum
654 1890 763 1953 Deum.

170 1976 236 2039 Sed
250 1975 393 2057 Apostoli
412 1993 475 2038 suae
494 1976 697 2038 convictionis
717 1981 748 2035 et
762 1974 945 2037 sinceritatis
961 1974 1047 2055 signa
1065 1976 1220 2039 evidentia

137 2060 305 2133 dederunt,
318 2060 399 2139 qvod
410 2066 494 2142 patet

172 2148 248 2205 ssa.
259 2148 306 2207 Ex
314 2144 549 2209 characteribus
560 2145 734 2207 intrinsecis
746 2146 878 2224 ipsorum
891 2146 1084 2226 scriptorum
1096 2144 1127 2207 id
1138 2149 1220 2209 enim

135 2233 236 2312 liquet
257 2230 288 2290 l'
303 2250 341 2294 ex
359 2232 437 2309 stylo
458 2230 589 2310 simplici
615 2247 650 2291 ac
671 2230 811 2311 neglecto
831 2230 966 2292 millenis
988 2231 1222 2295 circmustantiis

136 2318 347 2400 personalibus
366 2335 401 2380 ac
420 2318 567 2379 localibus
582 2318 713 2390 intorto,
734 2325 766 2378 et
781 2336 839 2397 qno
860 2335 910 2380 res
924 2320 1053 2379 maxime
1075 2320 1220 2383 sublimes

135 2404 229 2469 modo
245 2404 469 2485 simplicissimo
488 2413 656 2485 exponunt3
677 2405 736 2466 hoc
759 2413 860 2466 antem
881 2406 997 2467 evincit
1018 2406 1088 2467 illos
1107 2408 1219 2468 nullius

134 2490 384 2556 benevolentiam
393 2498 539 2569 captasse,
550 2491 691 2570 ipsosque
705 2491 856 2561 derebus,
869 2508 942 2569 quas
954 2490 1139 2561 scribebant,
1154 2509 1219 2554 cera

135 2574 384 2646 deducendum
396 2574 428 2636 2⁰
442 2592 480 2636 er
490 2582 667 2655 contemptu
676 2574 796 2653 gloriae3
811 2576 976 2654 saepissime
990 2576 1072 2636 enim
1083 2576 1219 2638 intimum

134 2682 223 2727 sumn
232 2661 587 2743 ortum,proiessioncm,
601 2660 820 2739 ignorantiam,
830 2660 1044 2728 rusticitatem,
1055 2675 1173 2723 errores
1183 2680 1218 2725 ac

134 2748 364 2813 imbecillitates
377 2747 575 2828 penitentum
594 2745 625 2804 5⁰
647 2762 684 2805 er
702 2762 806 2805 eornm
820 2744 934 2823 pietate
946 2745 1082 2816 sincera,
1098 2755 1129 2806 et
1147 2766 1219 2826 pro-

134 2833 273 2919 priorum
291 2832 516 2896 commodornm
532 2832 689 2911 neglectu
709 2848 801 2908 qnare
817 2830 925 2890 Paulus
939 2847 947 2887 ε
963 2828 1218 2912 «maledicimur,
1285 2834 1289 2839 '

136 2920 282 3001 ainqrdt,
296 2926 328 2981 et
338 2918 565 2988 benedicimus,
579 2915 822 2998 persecutionem
834 2914 965 2995 patimur
978 2921 1008 2975 et
1022 2915 1217 2990 sustinemus,

136 3004 448 3087 »blesphemamnret
457 3006 658 3075 obsecramus,
673 3010 732 3062 etc.
747 3003 915 3080 Argentum
927 3007 958 3060 et
970 3016 1073 3059 aurum
1086 3008 1137 3061 ant
1149 3020 1219 3064 ves·

136 3098 233 3155 rum
242 3092 356 3153 nullius
369 3090 546 3171 concupivi,
560 3090 638 3151 sicut
654 3088 712 3167 ipsi
726 3087 844 3148 scitis...
863 3086 943 3145 Veni
957 3103 1017 3146 nou
1030 3086 1062 3145 in
1080 3088 1218 3148 sublimi-

137 3186 154 3236 ὴ
167 3184 233 3239 tate
243 3177 391 3239 sermonis
402 3183 454 3238 aut
465 3176 658 3256 sapientise...
668 3174 869 3234 Praedicamus
879 3171 1032 3235 Christum
1042 3170 1219 3233 crucifixum

137 3263 309 3325 »Hebraeis
318 3262 632 3342 quidemscandalum,
645 3260 795 3335 Gentibus
804 3266 902 3319 autem
913 3257 1070 3318 stultitiam
1080 3276 1096 3311 v
1106 3258 1135 3333 (l
1145 3255 1216 3319 Cor.

134 3348 278 3424 imis.
291 3351 362 3412 Act.
377 3350 432 3423 20,
446 3348 541 3410 hwa
557 3350 571 3409 l
586 3350 657 3413 Cor.
671 3349 704 3417 2,
720 3347 733 3406 l
751 3354 782 3408 et
795 3346 826 3417 l,
839 3344 910 3423 25);
929 3345 961 3403 i⁰
974 3361 1011 3404 es
1032 3344 1139 3414 modo,
1157 3362 1217 3423 quo

135 3452 225 3501 menn
239 3436 448 3517 Apostolatum
467 3435 613 3516 auspicati
636 3440 667 3494 et
683 3431 834 3514 prosecuti
857 3438 936 3492 sunt.
961 3432 1011 3490 An
1030 3428 1167 3509 Apostoli
1184 3431 1217 3491 in

134 3521 298 3603 metropoli
311 3521 441 3594 Judaeae,
456 3521 522 3601 ipso
536 3519 803 3589 diePeutecostes,
817 3517 885 3589 ubi,
908 3517 933 3576 si
946 3515 1018 3576 ialsa
1029 3514 1173 3575 miracula
1184 3521 1219 3575 nt

135 3624 212 3671 sera
234 3615 267 3669 et
289 3608 408 3668 notoria
428 3606 659 3686 praedicassent,
681 3620 698 3665 a
723 3620 911 3683 quocumque
935 3602 1026 3660 ctiam
1057 3597 1218 3661 rudissimo

136 3692 275 3755 laisitatis
287 3694 372 3773 argui
387 3693 572 3774 potuissent,
588 3690 701 3755 Christi
716 3688 876 3771 miracula,
891 3687 1046 3767 ipsamque
1065 3701 1219 3746 resurrec-

134 3780 253 3841 tionem
262 3787 308 3840 tot
316 3780 537 3856 conatibusper
545 3778 735 3855 magistratus
745 3791 948 3855 suppressam,
958 3774 1055 3852 palam
1067 3778 1098 3831 et
1108 3773 1218 3850 imper-

134 3866 245 3927 territe
259 3865 505 3941 annuntiassent,
524 3863 584 3923 nisi
603 3863 692 3922 bonae
709 3860 782 3920 fidei
806 3860 954 3920 inissent?
967 3859 998 3919 s⁰
1016 3874 1054 3918 er
1069 3872 1219 3919 consensu

132 3948 413 4030 Evangelistarum,
438 3949 490 4026 qui
513 3947 587 4008 iicet
604 3946 732 4007 diversis
753 3945 952 4022 temporibus,
974 3943 1162 4020 diversisque
1185 3944 1216 4002 in

133 4034 212 4097 loeis
231 4034 424 4111 scripserint,
445 4032 552 4094 eedem
569 4040 670 4091 tamen
685 4031 834 4100 rciernnt3
856 4029 887 4090 6Ο
912 4028 1034 4095 taudem
1055 4043 1092 4088 ex
1113 4043 1219 4088 eorum
1316 4048 1319 4055 ·

133 4136 287 4183 consensu
299 4135 368 4180 cum
379 4118 577 4196 scriptoribus
588 4116 720 4195 prolenis
735 4114 833 4193 (coni.
844 4133 875 4175 n.
888 4114 970 4190 sss).
1081 4196 1109 4239 π
