2708 4846
395 485 442 534 DE
462 483 683 535 tacuissetis
702 484 943 534 nusumoitust.
1166 482 1213 534 tit

159 577 253 642 Nulla
264 582 364 638 autem
373 578 497 638 victima
511 578 588 639 inira
601 584 721 637 atatem
732 585 802 638 octo
817 576 952 643 dierum.
964 581 995 636 et
1005 574 1084 636 ultra
1093 580 1215 636 aetatem

123 667 218 729 trlum
229 681 374 724 annorum
387 663 489 724 oilerri
503 671 636 744 poterat,
648 663 729 742 quoti
743 673 844 723 tamen
857 663 889 723 in
901 662 1067 722 turturibus
1077 669 1108 722 et
1124 662 1215 740 pullis

123 753 333 817 columbarum
359 769 419 811 non
437 750 659 812 attendebatur.
679 750 857 812 Generatim
874 750 1079 810 onerabantur
1092 750 1214 825 iuvenci

123 842 280 909 triennes,
294 856 329 899 ac
338 855 411 898 oves
424 848 456 898 ct
468 855 566 919 caprae
578 839 740 900 anniculae.
753 838 896 900 victimae
910 854 982 898 vero
997 839 1079 899 omni
1093 838 1215 900 delectu

123 943 233 991 cerere
244 925 410 986 debebant.

161 1011 195 1072 2⁰
220 1011 289 1071 Alia
315 1008 463 1071 sacrificia
479 1016 567 1070 erant
585 1011 764 1080 incruenta,
779 1026 847 1087 quae
860 1008 1029 1088 generatim
1047 1008 1161 1070 fiebant
1177 1025 1214 1071 ex

123 1097 277 1159 immento
292 1103 323 1155 et
336 1095 407 1154 rino
415 1114 423 1164 ;
435 1112 472 1155 ex
487 1095 637 1155 frumento
651 1095 729 1156 tacta
739 1094 950 1155 immolationes
962 1111 1017 1157 seu
1028 1094 1213 1166 oblationes,

124 1194 158 1248 ct
171 1201 211 1245 ex
222 1184 295 1245 vino
304 1189 427 1264 peracta
440 1181 580 1241 libamine
595 1182 791 1243 vocabantur.

431 1314 447 1383 s
462 1318 582 1404 Xxllvll.
592 1342 624 1355 -
633 1318 710 1367 laem
722 1318 907 1367 morticiacum.

161 1442 236 1497 cuo·
248 1439 430 1499 Holocausta
444 1445 475 1499 et
492 1437 640 1499 sacrificia
660 1438 824 1515 piacularia
840 1435 879 1497 ad
898 1438 1016 1517 plagam
1030 1438 1215 1514 septentrio-

124 1527 229 1592 nalem
242 1526 359 1594 altaris,
383 1531 414 1584 et
429 1523 576 1585 sacrificia
592 1522 791 1584 eucharistica
805 1523 843 1583 ad
856 1524 921 1599 ejus
939 1532 1055 1604 partem
1070 1523 1216 1584 meridio-

122 1613 228 1674 nalem
239 1611 453 1671 offerebantur.
466 1609 645 1671 Holocausta
655 1616 686 1670 et
696 1607 843 1671 sacrificia
854 1627 908 1690 pro
917 1616 1043 1689 peceato
1055 1628 1116 1669 non
1132 1609 1216 1670 dum-

124 1704 210 1760 taxat
229 1715 283 1776 pro
304 1695 446 1774 singulis,
469 1695 523 1755 sed
546 1704 577 1754 et
594 1713 649 1773 pro
671 1695 783 1777 populo
802 1696 944 1756 universo
967 1694 1076 1757 diebus
1098 1695 1217 1758 festivis

124 1784 317 1866 potissimum
326 1783 392 1841 Deo
406 1780 620 1841 oilercbantur.

164 1869 318 1931 Sacrificio
342 1869 399 1929 sub
421 1867 529 1945 capitis
553 1883 641 1944 poena
663 1865 818 1926 olicrenda
841 1872 928 1926 erant
950 1881 1042 1945 super
1064 1864 1158 1927 altare
1182 1867 1216 1927 in

125 1954 325 2018 tabernaculo
346 1952 396 2012 vel
413 1953 445 2012 in
463 1951 576 2031 templo
602 1968 659 2029 per
676 1951 756 2012 solos
776 1949 949 2012 sacerdotes
969 1951 1064 2025 (Lev.
1088 1949 1137 2020 tt,
1154 1951 1214 2010 l-7.

125 2040 218 2103 Ileut.
240 2039 289 2108 ll,
305 2037 421 2113 ts-to).
440 2038 513 2098 llaec
526 2038 648 2114 lttoyses
665 2037 865 2118 praescripsit,
880 2045 913 2095 ut
926 2035 1048 2096 ludaeos
1064 2035 1103 2095 ab
1121 2036 1218 2096 idolo-

125 2125 217 2188 latria
234 2126 330 2204 magis
357 2130 530 2184 removeret
552 2124 653 2200 (conl.
673 2125 747 2184 Lev.
773 2123 825 2192 ll,
846 2123 905 2183 t-t.
920 2125 1009 2183 Dent.
1031 2124 1080 2194 ll,
1105 2122 1216 2201 ts-tt).

126 2213 239 2273 Unitas
254 2220 353 2271 autem
366 2211 468 2270 altaris
482 2217 512 2270 et
529 2209 589 2269 loci
603 2209 820 2271 sacrificiorum
834 2210 979 2270 lsra‘c'litis
998 2210 1144 2270 unitatem
1159 2208 1217 2270 Dei

127 2297 163 2359 iu
176 2298 353 2357 memoriam
360 2295 539 2363 revocabat,
550 2303 639 2373 atque
651 2296 780 2356 familias
786 2298 871 2357 statis
879 2295 987 2356 diebus
997 2297 1218 2356 convenientes

129 2386 244 2448 arctius
262 2384 466 2445 consociabat.
491 2381 651 2465 Prophetae
672 2392 770 2445 meren
794 2401 811 2445 a
830 2384 967 2464 periculo
988 2391 1018 2444 ct
1041 2384 1217 2463 suspicione

129 2468 311 2531 idololatriae
322 2469 470 2529 immunes
479 2468 546 2529 aliis
555 2469 588 2528 in
599 2469 675 2532 locis
682 2469 861 2549 quandoque
872 2466 1086 2532 sacrificabant
1095 2470 1127 2547 (l
1138 2468 1215 2548 Iicg.

131 2553 184 2628 ts,
198 2553 258 2615 lli.
273 2556 312 2614 lll
324 2556 400 2633 Reg.
416 2554 468 2625 l8,
480 2553 571 2613 il-lo
583 2556 604 2616 l.

435 2684 453 2753 s
467 2687 597 2735 xxxvut.
608 2710 640 2722 -
649 2686 829 2734 Sacrificiorum
840 2686 913 2737 ritm-

169 2809 241 2866 oet.
252 2809 417 2870 victimam
428 2804 575 2875 offerens,
587 2804 671 2864 illam
684 2803 714 2862 l⁰
727 2804 760 2863 in
774 2803 851 2864 atrio
864 2809 934 2864 ante
948 2803 1042 2866 altare
1052 2806 1118 2866 Deo
1130 2805 1220 2868 siste-

131 2892 186 2959 bat
210 2898 285 2956 Lev.
300 2893 419 2969 l,2-9).

169 2898 206 3042 θ’(
216 2982 338 3040 bianum
349 2997 433 3040 snam
445 2974 538 3056 capiti
556 2974 709 3046 animalis,
724 2993 785 3037 non
803 2991 877 3035 vero
890 2982 1039 3037 turturum
1056 2984 1107 3038 aut
1121 2978 1221 3059 pullo·

130 3082 200 3130 rmn
217 3065 433 3135 columbarum,
452 3062 628 3142 imponebat
640 3062 730 3136 (Lev.
749 3062 830 3138 lde).
844 3062 945 3138 Capiti
963 3073 1064 3123 autem
1081 3064 1220 3128 victima·

130 3168 267 3219 marum,
283 3166 337 3222 pro
355 3157 414 3209 tota
433 3147 557 3208 natione
572 3146 836 3215 immolandarum,
854 3147 992 3208 seniores
1005 3165 1060 3209 seu
1078 3149 1222 3228 primates

131 3235 240 3320 populi
263 3250 368 3294 manus
390 3230 586 3312 imponebant
607 3233 698 3310 (lter.
726 3233 755 3302 t,
772 3231 887 3313 tata).
902 3231 1044 3294 Victima
1068 3233 1222 3315 perhanc

131 3339 277 3384 manmtm
290 3320 513 3399 impositionem
524 3317 556 3378 in
565 3317 936 3380 locnmiliasollerentium
951 3318 1222 3394 substituebantur,

135 3410 175 3472 asi
189 3407 380 3469 indicandam
390 3422 526 3487 poenatn,
538 3424 627 3484 quam
637 3405 799 3467 oilerentes
809 3406 909 3467 meriti
921 3405 1040 3466 lucrant
1050 3420 1106 3487 per
1116 3423 1224 3487 pecea-

135 3501 201 3556 tum
221 3492 270 3552 vel
296 3492 489 3572 promerituri
511 3491 647 3553 inissent.
663 3492 827 3552 victimam
843 3490 1002 3552 immolans
1019 3510 1073 3573 pro
1093 3492 1221 3566 delicto,

135 3596 243 3643 mantis
260 3581 352 3659 capiti
374 3579 438 3656 ejus
455 3580 628 3658 imponens,
643 3579 732 3640 simul
751 3580 896 3640 delictum
915 3596 1000 3637 suum
1021 3576 1224 3639 confitebatur

137 3672 229 3744 ttqtre
246 3684 376 3726 struimus
390 3665 531 3725 sacertlos
548 3667 640 3744 capiti
656 3666 734 3726 hirei
758 3684 812 3744 pro
836 3665 916 3724 omni
940 3664 1052 3744 popiola
1075 3663 1223 3725 ollerentli

136 3766 243 3811 manus
256 3751 430 3830 imponens,
444 3766 514 3808 euru
529 3751 669 3810 omnibus
681 3750 814 3830 peccatis
833 3747 937 3829 populi
954 3749 1122 3826 symbolice
1148 3765 1224 3810 ons-

136 3837 237 3899 rabat
471 3860 477 3869 ·

175 3922 207 3982 5⁰
219 3923 369 3983 Animalia
380 3920 563 3981 immolanda
576 3937 630 3998 pro
643 3920 754 4001 populo
767 3921 1002 3981 mactabantura
1016 3918 1224 3982 sacerdotibus

140 4014 174 4068 et
184 4007 298 4068 levitis.
311 4008 486 4082 Antiquitas
499 4004 643 4067 rtonnulla
661 4004 879 4067 occidebantur
892 4006 929 4065 ab
943 4006 1155 4076 oilercntibus,
1169 4007 1225 4069 sed

140 4091 291 4173 posterius
298 4090 543 4158 sacrificabantur
551 4108 570 4154 a
579 4091 683 4155 levitis
691 4090 783 4171 (Lev.
794 4091 808 4153 l
818 4135 826 4165 ,
838 4090 900 4154 2-9.
910 4092 936 4151 tl
947 4091 1043 4154 Paral.
1053 4091 1100 4167 29,
1107 4092 1222 4166 Μὰ).
