2708 4846
329 475 375 525 D!
394 475 612 526 ΙΑΩΜΠΩΙΙΙ
632 473 871 523 1188801111.
1098 468 1142 519 m

487 753 639 817 sueno
661 752 722 816 1v.

381 919 423 971 DE
438 918 609 970 uomitus
624 918 824 968 daemonnm.

273 1136 292 1206 S
304 1141 411 1190 ΧΧΧΝ.
423 1164 453 1177 -
463 1139 643 1190 Sacrificiorum
656 1135 804 1201 murman,
818 1136 930 1201 010019).

95 1303 171 1360 877.
185 1296 373 1361 Sacrificium
387 1304 433 1360 est
446 1297 560 1360 oblatio
580 1297 627 1359 rei
644 1294 799 1360 sensibilis
810 1313 867 1376 per
878 1296 1050 1358 ministrum
1065 1295 1145 1378 legi·

57 1389 167 1451 limum
182 1388 248 1448 Deo
262 1386 437 1447 immediate
454 1386 548 1456 iacta,
565 1394 655 1464 atque
674 1386 773 1464 aliqua
788 1386 905 1446 ratione
919 1384 1091 1455 destructa,
1111 1390 1145 1448 ut

55 1492 116 1556 per
127 1474 384 1545 combustionem,
396 1473 651 1542 immutationem,
665 1471 845 1533 tractionem
859 1480 890 1533 et
900 1471 1086 1533 cliusionem.

95 1555 250 1623 Sacrificio
264 1557 392 1618 humano
404 1559 511 1637 generi
528 1575 630 1618 coaeva
646 1566 730 1627 sunt,
744 1566 778 1617 ut
795 1565 913 1618 constat
930 1575 967 1618 er
987 1556 1145 1621 sacrificiis

55 1644 168 1706 Abelis
181 1649 212 1702 et
224 1639 790 1717 011111Ιί011]111111111011111),
803 1643 912 1702 Noemi
925 1644 1022 1718 (Gen.
1035 1643 1063 1712 8,
1078 1643 1143 1721 10),

58 1731 226 1793 Abrahami
243 1729 339 1806 (Gon.
361 1730 407 1800 li,
424 1729 456 1800 7;
479 1729 524 1800 ta,
544 1728 738 1800 1;111,9-17;
758 1728 807 1801 22,
829 1727 893 1801 tet,
915 1728 1144 1793 Melchisedech

56 1817 155 1896 (Gen.
171 1816 215 1886 lit,
231 1813 639 1892 1819),100011((;01.88,
654 1814 722 1890 18),
734 1822 793 1875 etc.

95 1901 193 1978 Origo
205 1898 422 1961 sacrificiorum
438 1898 581 1978 equidem
595 1916 632 1960 ex
649 1899 873 1979 primitivorum
887 1897 1044 1960 hominum
1056 1905 1143 1980 grato

57 1987 161 2049 animo
178 1987 209 2047 in
232 1986 348 2057 Deum,
367 1992 483 2046 naturae
504 1992 678 2057 auctorem,
694 2000 876 2062 suorumque
893 1981 1143 2058 benefactorem,

56 2074 105 2133 illi
120 2072 236 2152 aliquid
249 2072 287 2132 de
306 2073 368 2134 suis
390 2071 478 2133 donis
498 2071 705 2142 offerentium,
726 2069 872 2150 explicari
893 2077 1009 2150 posset;
1030 2078 1144 2134 etcum

56 2158 207 2241 primitivi
223 2157 364 2219 homines
384 2158 417 2218 in
434 2158 560 2219 infantia
581 2157 703 2218 humani
715 2157 839 2236 generis
857 2164 1071 2226 versarentur,
1089 2158 1143 2221 vix

57 2243 209 2306 credibile
224 2243 345 2303 videtur
360 2245 459 2303 Deum
469 2260 590 2304 ornnem
604 2243 718 2303 cultum
733 2249 892 2303 externmn
902 2243 1143 2306 cerumarbitrio

57 2328 234 2407 reliquisse.
249 2327 454 2390 verisimilius
467 2328 589 2392 videtur
606 2331 704 2389 Deum
721 2327 836 2407 aliquid
854 2328 893 2389 de
912 2328 1069 2389 sacrificiis
1085 2329 1144 2392 de·

56 2414 251 2486 terminasse,
271 2422 321 2474 aut
341 2415 448 2475 saltem
469 2415 620 2486 innuisse,
634 2414 709 2476 lieet
723 2414 759 2475 id
771 2422 841 2474 ante
855 2415 957 2493 legem
974 2414 1090 2493 Moysis
1107 2414 1142 2477 in

57 2499 172 2561 Genesi
189 2499 266 2561 haud
285 2507 433 2562 occurrat.
452 2500 587 2561 Aliunde
603 2501 689 2578 origo
708 2498 925 2561 sacrificiorum
946 2508 1143 2563 cruentorum

57 2584 233 2645 animalium
241 2584 640 2646 diiliculterahinventione
650 2584 780 2643 humana
793 2589 993 2657 repeteretur.
1004 2584 1143 2646 Sedcum
1202 2620 1209 2627 ·

56 2668 139 2731 Deus
159 2676 389 2748 protoparentes
408 2668 547 2729 docuerit
568 2684 607 2726 cx
627 2668 759 2744 pellibus
778 2666 953 2725 animalium
973 2667 1144 2731 occisorum

56 2754 118 2816 eibi
131 2763 232 2816 restes
245 2771 301 2814 seu
314 2760 487 2831 tegumenta
501 2749 651 2811 conticere
665 2749 763 2825 (Gen.
773 2749 801 2818 5,
815 2748 849 2806 et
858 2748 885 2826 )‚
903 2766 957 2808 eos
968 2750 1143 2812 verisimili·

57 2845 107 2900 ter
113 2857 170 2919 per
180 2847 308 2899 mortem
321 2837 447 2898 istorum
458 2834 633 2896 arriruatium
646 2834 767 2901 docuit,
782 2841 833 2893 aut
845 2832 951 2894 saltem
966 2834 1004 2895 iis
1017 2833 1141 2908 innuit,

56 2923 139 3003 ipsos
150 2931 279 2984 mortem
292 2938 349 3001 per
360 2927 518 3000 peccatum
531 2919 693 2988 meruisse,
705 2926 795 2995 atque
810 2916 887 2979 hanc
897 2918 1062 2979 violentam
1074 2919 1141 2980 ani·

56 3011 182 3071 matium
202 3026 311 3070 necem
332 3023 412 3087 saepe
432 3005 631 3085 repetendam
647 3022 713 3067 esse
735 3006 767 3065 in
789 3005 965 3065 memoriam
986 3015 1086 3068 reatus
1104 3024 1142 3071 ae

55 3112 157 3175 poenae
169 3093 303 3173 peccati,
312 3099 403 3169 atque
412 3091 445 3151 in
456 3090 644 3170 agnitionem
655 3091 788 3171 supremi
801 3092 848 3151 sui
859 3090 892 3151 in
904 3090 996 3152 vitam
1006 3091 1142 3154 omnium

56 3181 200 3246 dominii.

94 3268 210 3330 Omnes
223 3264 340 3343 antiqui
349 3264 451 3344 populi
460 3265 524 3326 Deo
536 3262 683 3326 sacrificia
696 3272 821 3327 eruenta
834 3264 1008 3327 obtulerunt
1019 3283 1080 3326 non
1090 3283 1143 3330 so·

57 3353 122 3415 lum
135 3350 173 3412 ad
185 3366 359 3429 supremum
372 3347 436 3428 eim
449 3350 615 3411 dominium
631 3351 872 3430 agnoscendum,
890 3355 922 3410 et
936 3349 1018 3413 iilius
1030 3349 1142 3429 majes-

57 3446 152 3500 tatem
161 3435 381 3508 honorandam,
394 3435 449 3497 sed
462 3435 602 3498 etiamad
615 3435 708 3517 ipsius
718 3437 794 3497 iram
803 3435 992 3516 placandam.

95 3524 129 3586 Si
139 3542 212 3585 vcro
222 3521 369 3585 sacrificia
378 3532 502 3586 cruenta
512 3522 640 3603 originis
649 3523 787 3586 nimanae
796 3524 1058 3602 essent,symhola
1070 3523 1142 3585 iuis·

58 3617 127 3672 sent
147 3609 304 3672 hominum
326 3611 404 3689 grati
427 3610 542 3682 animi,
565 3611 747 3672 reverentiae
775 3610 807 3669 in
832 3613 950 3679 Deum,
975 3609 1141 3687 agnitionis
1222 3643 1226 3654 ·

58 3697 191 3776 supremi
212 3694 275 3774 ejus
297 3694 424 3757 dominii
446 3695 479 3755 in
498 3697 615 3768 omnia,
639 3704 729 3775 atque
743 3696 775 3756 in
787 3696 884 3775 ipsam
902 3696 1006 3756 vitam.
1029 3693 1091 3754 Sed
1112 3692 1141 3756 sl

56 3780 142 3860 jussu
150 3788 201 3842 aut
211 3788 286 3842 nuto
293 3781 352 3841 Dei
363 3780 500 3841 instituta
510 3779 644 3851 luerint,
661 3788 748 3840 erant
762 3779 887 3860 insuper
895 3778 1031 3858 symbola
1041 3795 1139 3854 poenae

10 3922 14 3933 ,
59 3863 145 3943 cujus
155 3873 298 3946 peccator
315 3871 361 3926 est
377 3880 458 3936 reus,
471 3879 539 3942 qute
550 3865 731 3945 gravitatem
750 3869 944 3942 peccatorum
959 3878 1014 3943 per
1031 3878 1139 3924 necem

60 3952 235 4018 animalium
246 3951 454 4025 inculcabant,
473 3958 505 4016 et
523 3950 562 4016 ad
577 3969 695 4015 monim
712 3949 959 4014 emendationem
974 3948 1136 4016 faciehant.
