2708 4846
202 473 235 527 dt
597 469 647 519 nn
665 465 880 519 nlvtrttrnrn

204 552 385 629 Cltananaels
398 561 632 642 expellerentur.
648 563 782 641 Antiqua
800 559 853 619 illo
868 574 933 618 aevo
948 555 997 635 jus
1006 553 1083 616 belli
1096 552 1285 633 rigorosissi·

203 667 285 710 mum
300 666 335 710 ac
344 650 477 709 immane
490 656 555 709 crat
566 644 607 725 (l.
619 651 694 728 Reg.
707 647 758 720 50,
769 645 801 722 l,-
814 647 863 707 Ps.
876 642 929 704 rao
937 646 948 714 ,'
960 643 978 704 9
984 661 994 713 ;
1009 640 1076 702 lsai.
1088 640 1140 711 la,
1151 639 1285 738 46)..Ρο-

202 735 267 810 puli
275 734 388 814 integri
397 733 431 794 in
439 733 648 814 captivitatem
656 731 895 801 abducebantur,
905 735 957 789 aut
968 728 1061 789 ctiam
1069 725 1284 824 intemecrone

202 819 392 882 delebantur.
401 818 505 881 Multis
516 819 635 881 saeculis
645 825 749 897 postea
761 834 830 880 cum
838 832 939 876 mores
951 819 1212 883 mansuescerent,
1223 829 1286 891 Jus-

202 922 261 984 que
273 907 350 968 belli
366 907 469 968 mitius
484 912 577 978 esset,
590 905 719 968 Romani
734 905 790 966 sub
809 903 954 982 Scipione
970 901 1115 962 Africano
1128 897 1285 962 florentis-

202 993 424 1058 rimamurbcm
432 993 648 1072 Carthaginem
657 991 784 1054 flammis
794 991 981 1062 adusserunt,
989 1006 1024 1050 ac
1033 986 1285 1065 subvespasiano

203 1079 277 1160 imp.
289 1087 376 1161 capta
387 1097 423 1143 ac
432 1079 565 1141 funditus
578 1095 683 1141 eversa
695 1076 919 1155 Hierosolyma,
930 1075 1095 1152 multisque
1106 1071 1287 1147 iudaeorum

202 1166 337 1230 millibus
353 1166 525 1239 tmcidatis,
546 1165 652 1240 97,ωο
668 1171 702 1227 ut
712 1165 879 1231 trilissima‘
889 1161 1041 1242 mancipia
1058 1159 1165 1240 paucis
1184 1158 1285 1225 obolis

202 1251 552 1324 circumdaturum,
571 1250 830 1314 invalescentibus
843 1248 996 1329 religione
1009 1264 1049 1322 ¹ac
1066 1245 1221 1319 scientiis,
1235 1261 1283 1308 ro-

203 1356 269 1401 rum
280 1341 373 1403 iacies
384 1348 497 1402 mutata
514 1348 575 1413 est,
589 1342 638 1418 jus
654 1341 745 1413 belli,
759 1341 792 1400 in
806 1341 926 1418 Europa
936 1336 1123 1418 praesertim,
1141 1351 1288 1415 expopn-

201 1424 300 1486 lorum
311 1442 459 1488 consensu
471 1426 563 1488 etiam
573 1425 851 1488 humaniuslactum
865 1432 920 1485 est.
932 1423 1085 1489 Caeterum
1095 1420 1202 1483 scribit
1220 1421 1288 1481 He·

201 1509 325 1573 rodotus
336 1511 481 1590 plurimos
491 1510 678 1577 chananaeos
694 1511 727 1572 in
747 1509 883 1571 Africam
894 1508 1125 1587 commigrasse,
1139 1512 1171 1567 et
1182 1504 1285 1570 Juuaet

200 1598 262 1681 ipsi
270 1598 389 1678 'aliquos
398 1605 511 1663 ‘contra
523 1615 696 1680 expressum
709 1598 823 1678 Moysis
838 1597 1012 1659 mandatum
1025 1596 1195 1658 tolerarunt
1205 1594 1229 1656 ¹.

535 1752 636 1825 sxxu.
648 1787 678 1798 -
687 1762 725 1811 bc
735 1773 800 1812 anno
810 1760 944 1811 subbatico.

237 1895 288 1954 8⁷.
298 1893 363 1976 Obj.
370 1894 567 1973 Levitici(lld,
574 1894 635 1971 a-t)
644 1895 765 1974 Moyses
775 1891 967 1954 nomineDei
977 1889 1118 1952 Hebraeis
1127 1888 1285 1972 praecipit:

200 1981 358 2058 «Quando
368 1984 496 2062 ingressi
509 1983 642 2058 fueritis,
653 1983 769 2059 inquit,
783 1988 911 2052 terram,
921 1997 1011 2058 quarn
1021 1995 1080 2059 ego
1092 1977 1173 2039 dabo
1183 1979 1285 2053 vobis,

200 2067 400 2129 »sabbatizes
419 2069 600 2130 sabbathum
616 2069 749 2129 Domini.
772 2070 835 2128 Sex
851 2067 938 2127 annis
956 2083 1041 2128 seres
1057 2081 1164 2145 agrum
1181 2072 1286 2139 tuum,

109 2160 113 2169 '
199 2161 265 2213 net
281 2171 335 2215 sex
348 2157 435 2216 annis
454 2156 576 2234 putabis
593 2155 716 2215 vincam
735 2163 833 2226 tuam,
855 2154 1041 2232 colligesque
1061 2153 1176 2218 tructus
1198 2151 1285 2231 ejus:

200 2237 472 2316 »septimoautem
483 2258 562 2301 anno
573 2240 732 2302 sabbatum
744 2241 803 2300 erit
812 2248 917 2312 terrae,
931 2238 1131 2318 requietionis
1141 2240 1286 2300 Dominis

200 2339 337 2404 »agrum
355 2342 416 2387 non
427 2343 526 2399 seres,
545 2334 576 2403 et
593 2328 715 2391 vineam
733 2344 796 2388 non
815 2325 952 2407 putabis;
967 2344 1036 2405 quac
1055 2332 1163 2406 sponte
1184 2326 1289 2406 gignit

199 2428 219 2469 a
231 2409 340 2473 humus
354 2429 417 2472 non
431 2420 528 2475 metes
545 2432 553 2473 :
572 2421 604 2476 et
621 2416 694 2476 uvas
711 2414 913 2494 primitiarum
934 2422 1051 2475 tuarum
1072 2430 1135 2474 non
1156 2413 1289 2494 colligas

200 2510 219 2548 a
230 2494 316 2570 quasi
332 2493 518 2555 vindemiam
536 2515 543 2555 :
562 2513 657 2558 annus
672 2497 754 2558 enim
772 2496 973 2575 requietionis
991 2504 1080 2557 terrae
1103 2501 1158 2557 est.
1173 2515 1190 2554 a
1207 2497 1288 2560 Haec

198 2571 265 2646 lex,
278 2575 362 2635 aiunt
372 2575 501 2647 Deistac,
513 2577 626 2638 absona
642 2585 673 2639 et
689 2579 864 2657 imprudens
879 2585 934 2639 est.

238 2657 322 2736 Resp.
336 2659 370 2717 ln
385 2673 497 2718 annum
514 2660 701 2722 sabbaticum
720 2660 860 2740 specialis
878 2660 936 2721 Dei
956 2659 1150 2740 providentia
1162 2660 1289 2724 extabat

199 2743 234 2797 nt
245 2754 335 2799 versu
346 2739 379 2798 ill
391 2740 515 2820 legitur.
528 2743 611 2822 Lege
628 2743 685 2803 ista
701 2743 735 2803 in
751 2743 928 2803 memoriam
942 2742 1064 2820 septimi
1076 2740 1140 2802 diei
1159 2742 1287 2818 mundi,

200 2836 261 2897 quo
278 2823 360 2882 Deus
381 2839 475 2883 novas
491 2832 694 2888 creaturarum
710 2825 829 2903 specics
847 2824 1018 2903 producere
1032 2822 1137 2896 desiit,
1154 2826 1289 2904 septimo

199 2916 279 2961 anno
291 2901 438 2980 adligata,
455 2903 641 2968 efficiebatur
651 2938 683 2950 -
694 2914 728 2965 ut
739 2913 828 2967 terrac
839 2907 922 2968 vires
933 2922 1001 2967 suas
1015 2904 1192 2979 reficerent,
1205 2940 1241 2954 ··
1251 2914 1289 2970 ut

198 2983 382 3127 pauperibus
401 2984 642 3047 subveniretur:
661 3006 729 3066 quae
748 3005 801 3050 sua
815 2996 922 3068 sponte
942 2990 1122 3050 crescebant
1141 2991 1287 3070 pauperi·

222 3083 272 3135 us,
285 3065 455 3144 peregrinis
468 3073 499 3126 et
509 3067 581 3129 feris
592 3070 793 3148 relinquenda
802 3079 888 3133 erant
900 3072 990 3148 (Lev.
1000 3071 1047 3142 95,
1062 3071 1128 3142 l-l;
1138 3073 1284 3145 Deutltl,

199 3146 301 3222 l-l9);
317 3156 394 3207 -ut
414 3148 543 3209 terarum
560 3166 672 3229 genera
689 3161 954 3226 conservarentur3
970 3186 1001 3198 -
1012 3160 1047 3213 ut
1059 3154 1161 3214 Judaei
1183 3155 1286 3232 parci-

198 3228 309 3289 moniae
322 3230 493 3300 studerent,
507 3239 540 3291 ut
557 3232 713 3294 industriae
728 3235 959 3307 adsuescerent,
974 3237 1060 3297 annis
1076 3237 1285 3312 praecedenti-

197 3309 255 3371 bus
266 3311 367 3388 lrugos
376 3320 593 3389 congererent,
605 3332 664 3391 quo
675 3315 745 3373 lami
752 3322 783 3374 ct
791 3317 910 3376 caritati
922 3334 1050 3377 annonae
1059 3318 1283 3380 consuleretur.

237 3396 327 3452 Anno
340 3398 440 3451 nutem
451 3393 509 3452 isto
521 3393 622 3454 Judaei
633 3395 759 3456 minime
771 3397 958 3471 otiabantur,
969 3400 1065 3459 solum
1076 3398 1159 3459 enim
1169 3398 1284 3461 loecun-

199 3470 312 3533 dabant
323 3473 492 3544 cineribus,
506 3476 538 3533 in
550 3493 624 3551 quos
633 3483 781 3548 stramen,
794 3480 934 3558 stipulas,
945 3483 1078 3560 glumas,
1090 3489 1233 3559 vepretes
1246 3499 1283 3546 ac

197 3551 441 3639 herbas,quibus
450 3555 797 3632 campiobducebantur,
807 3562 998 3639 redigebant,
1009 3563 1080 3640 igne
1089 3563 1136 3622 illi
1149 3561 1280 3641 injecto.

200 3642 289 3712 atquo
306 3634 348 3695 ita
365 3635 546 3697 zizaniorum
561 3640 677 3700 semina
693 3640 898 3705 destruebant.
912 3636 995 3723 Apes
1009 3661 1045 3706 ac
1059 3661 1170 3724 greges
1192 3663 1281 3709 cura-

198 3712 287 3788 bant,
304 3718 401 3778 linum
413 3735 448 3778 ac
459 3717 560 3779 lanam
578 3722 736 3795 texebant,
751 3727 973 3804 suppellectilia
984 3726 1180 3803 reparabant,
1194 3726 1278 3807 juxta

194 3793 291 3858 licut.
308 3800 381 3874 (51,
395 3798 453 3875 l0)
474 3801 669 3878 explicationi
681 3805 758 3884 legis
774 3824 809 3868 ac
827 3806 933 3869 officiis
946 3808 1103 3888 religionis
1115 3809 1280 3871 studiosius

165 3885 168 3892 '
198 3874 426 3952 incuurbcbant,
441 3890 499 3943 etc.
510 3884 610 3960 Quare
623 3886 672 3946 lex
685 3887 741 3948 isra
754 3907 812 3951 nec
828 3890 942 3951 absona
952 3907 1011 3950 nec
1023 3891 1199 3970 imprudens
1210 3892 1279 3954 luit.

236 3954 361 4021 Hebraei
373 3973 473 4027 autem
484 3964 563 4028 hanc
575 3966 676 4048 legem
684 3987 777 4048 usque
787 3972 825 4033 ad
835 3972 960 4033 exilium
970 3971 1186 4051 babylonicum
1195 3972 1276 4038 haud

207 4064 214 4079 ⁸
229 4089 371 4159 ruant
382 4101 459 4180 ιω,
471 4106 510 4156 aa.
