2708 4846
150 449 197 498 tts
561 452 605 499 bs
623 449 822 500 numanati

188 542 237 601 10⁰
250 538 399 605 Calvinus
404 558 440 603 ae
450 544 528 602 Bona
539 544 693 622 prefatam
705 544 871 621 pericopen
884 556 941 603 suo
953 547 1093 618 ternpore
1104 539 1137 600 in
1147 540 1211 620 opti-

149 626 208 686 mis
219 627 376 688 codicibus
389 628 496 705 graecis
510 627 646 689 extitisse
657 635 813 689 testantur.

185 713 232 772 Ex
242 712 345 773 latinis
357 729 430 772 vero
443 718 513 772 sunt

187 796 217 856 i⁰
231 797 370 869 Codices,
385 794 472 874 queis
484 797 594 857 soeculo
606 802 692 857 sexto
705 814 774 856 orsus
788 803 833 856 est
847 795 921 855 Aur.
933 793 1142 858 Cassiodorus.

185 881 218 942 2⁰
227 883 330 945 Codex
343 883 561 943 vetustissimus
573 881 646 940 oiim
658 882 689 940 S.
703 882 845 940 Germani
858 880 897 940 de
909 881 1007 939 Pratis
1021 878 1063 939 de
1071 875 1208 939 annom

184 966 217 1026 '0¹⁰
230 967 335 1030 Codex
355 967 505 1045 quondam
524 968 579 1026 ΡΡ.
600 966 834 1026 Praedicatorum
855 964 978 1025 Parisiis
998 963 1040 1024 de
1053 960 1207 1024 annotatt

186 1051 218 1112 i⁰
231 1051 360 1116 Codices
394 1053 454 1114 duo
487 1052 748 1123 constantienses,
773 1059 805 1112 et
831 1069 908 1112 unus
931 1050 1126 1137 basiliensis,
1148 1054 1208 1111 tate

147 1136 282 1199 Erasmo.
937 1148 945 1163 ‘

184 1221 217 1282 δ’
227 1223 356 1286 Codices
367 1222 426 1283 dno
439 1224 598 1292 Janenses,
613 1221 748 1282 Gerardo
761 1228 792 1281 et
805 1223 951 1282 Kettnero
963 1220 1108 1284 testibus.

185 1306 217 1368 6ο
230 1309 358 1372 Codices
376 1310 510 1386 quinque
523 1311 727 1376 veronenses,
742 1315 818 1368 teste
831 1306 963 1369 Maiieio.

184 1390 217 1450 7ο
228 1392 359 1455 Codices
371 1393 504 1470 quinque
515 1391 683 1469 Bodiejani,
697 1400 775 1452 teste
787 1394 931 1453 Burneto.

184 1475 217 1535 8⁰
229 1476 334 1537 Codex
349 1477 595 1556 argentinensis,
609 1479 760 1546 Venetus,
774 1476 978 1548 Florentinus,
993 1482 1027 1537 et
1038 1471 1205 1538 cadunii·

55 1632 60 1643 ¹
148 1560 308 1637 quissimus
321 1563 395 1643 olim
407 1563 438 1622 in
452 1562 585 1621 Abbatia
597 1561 788 1623 Corbeiensi.

184 1645 217 1706 9ο
231 1642 499 1724 Lucas-Brugensis
512 1646 593 1705 inter
604 1646 725 1706 codices
738 1647 862 1724 triginta
871 1652 933 1707 tres
945 1650 1067 1724 septem
1076 1643 1205 1706 innunt

148 1732 278 1810 reperit,
292 1732 344 1810 qui
364 1732 446 1793 dicta
468 1730 612 1810 periocha
633 1733 788 1792 carebant.
809 1728 947 1792 Tandem
966 1732 1034 1809 ipse
1049 1726 1204 1791 Simoelii-

147 1814 241 1876 ohard
254 1818 385 1895 ingenue
396 1818 505 1877 fatetur
521 1817 601 1877 cirea
613 1817 754 1878 sacculum
764 1816 1028 1897 decimumomnin
1043 1815 1109 1877 iere
1124 1828 1204 1876 estu·

108 1958 111 1962 ,
132 1901 243 1980 ‚plania
253 1902 347 1962 latina
360 1903 513 1983 praefatam
523 1904 688 1980 pericopen
701 1903 887 1962 continuisse
897 1902 918 1962 ¹.
928 1903 976 1962 Ex

185 1987 222 2046 li.
238 1985 430 2046 Seiummodo
441 1987 577 2063 sequitur
588 1992 726 2046 auctores
737 1985 843 2046 harum
855 1987 1030 2047 versionum
1042 1991 1202 2045 mactent

24 2089 53 2128 ¹.
148 2073 330 2152 exemplaria
348 2074 457 2150 quibus
477 2073 617 2133 versus7
639 2072 756 2133 deerat.
777 2073 812 2131 in
833 2073 1001 2150 quaestione
1018 2071 1142 2151 praecise
1154 2072 1201 2134 eti·

147 2166 246 2217 utrum
259 2158 430 2235 bujrrsmodi
444 2159 627 2238 exemplaria
640 2159 701 2218 sint
713 2159 897 2237 autographo
907 2158 1037 2218 ioannis
1047 2152 1200 2218 eoniornit·

147 2243 311 2321 Reperitur
327 2252 427 2304 autem
438 2244 561 2322 praefata
569 2242 714 2322 periocha
723 2245 756 2303 iu
766 2244 905 2305 versione
914 2241 1202 2322 italanposubru

148 2329 347 2406 temporibus,
359 2336 392 2387 ut
405 2329 551 2398 creditur,
566 2329 658 2398 iacto,
674 2331 705 2388 in
726 2329 866 2390 versione
880 2331 1051 2398 armenica,
1065 2334 1139 2390 teste
1148 2321 1201 2386 biii·

146 2411 201 2481 iio,
216 2414 249 2470 in
273 2412 408 2472 editione
427 2412 533 2472 italica
552 2413 683 2472 Brueioii
707 2413 746 2474 de
769 2431 848 2474 anno
866 2415 940 2477 1552
959 2423 992 2475 et
1011 2413 1201 2492 juxtntexun

101 2533 104 2539 -
147 2511 278 2574 graecum
300 2496 387 2557 iacta.
409 2496 546 2556 Tandem
566 2496 730 2558 Lutberani
753 2507 785 2559 et
806 2498 981 2560 Calvinistae
996 2500 1099 2579 ipsam
1115 2494 1202 2558 noni

147 2581 255 2643 bibliis
263 2590 433 2643 recensent.

184 2669 236 2728 ili.
249 2668 338 2745 Quod
360 2671 463 2730 Patres
484 2664 621 2730 nonnulii
641 2672 756 2748 antiqui
768 2688 888 2731 versum
908 2671 999 2730 istum
1018 2664 1203 2731 nescierint

146 2751 226 2814 irand
247 2755 355 2833 probat
383 2771 452 2814 eum
465 2756 670 2817 autbentieum
690 2757 770 2817 baud
789 2774 870 2826 esse,
884 2774 953 2818 eum
976 2773 994 2816 a
1012 2752 1202 2845 peneadem

21 2865 29 2881 ·
146 2838 271 2915 aiicujus
282 2840 343 2898 ioci
359 2841 467 2901 biblici
485 2841 523 2901 ad
541 2841 605 2918 ejus
622 2859 681 2900 non
696 2843 886 2901 existentiam
898 2842 1071 2919 generatim
1081 2832 1204 2913 conciuit

146 2922 227 2984 haud
247 2926 350 3003 possit.
368 2927 455 2984 Ratio
473 2927 594 2986 curisti
616 2929 718 2987 Patres
738 2927 816 2987 hanc
836 2928 1002 3005 pericopen
1023 2921 1205 2988 nonuomt

148 3015 208 3078 est,
224 3009 272 3068 vei
295 3009 375 3086 qnod
394 3027 458 3089 prae
476 3013 614 3070 manibus
627 3011 774 3072 baberent
786 3008 986 3091 exemplaria,
1001 3011 1035 3072 in
1048 3008 1205 3089 quibptpst

147 3096 370 3155 amanuensium
390 3097 539 3156 incuriam
551 3097 658 3155 omissa
676 3099 788 3166 iuerat,
800 3097 887 3157 iacile
900 3097 984 3156 enim
998 3098 1042 3157 ob
1051 3088 1206 3157 similitudi·

146 3195 216 3238 nem
238 3197 306 3241 cunr
321 3197 410 3240 versu
432 3181 451 3240 8
472 3182 661 3259 praetermitti
677 3183 788 3260 potuit3
804 3181 854 3241 vei
867 3181 947 3258 quod
961 3182 1088 3252 Ariani,
1100 3176 1205 3259 quibit

147 3263 292 3324 dominati
313 3265 495 3334 sunt,iiia1n
517 3266 549 3326 in
571 3268 672 3345 multis
687 3266 910 3344 exemplaribus
926 3263 1205 3346 expunxissent,sut

145 3350 240 3428 ipsam
253 3351 392 3411 sublestae
406 3349 476 3410 iidei
488 3351 681 3422 adcusarent3
695 3353 745 3411 vel
758 3355 861 3412 Patres
871 3352 952 3412 bunc
962 3369 1088 3413 versum
1099 3342 1205 3413 nonod-

146 3434 297 3513 iegarunt,
315 3453 355 3495 ne
375 3437 481 3495 Ariani
502 3436 574 3496 inde
595 3454 752 3515 perperam
770 3438 931 3505 inferrent,
943 3437 1027 3513 quod
1043 3439 1125 3498 sieut
1135 3431 1205 3513 iasii

146 3537 266 3580 versum
278 3519 297 3578 8
309 3521 427 3598 spiritus
438 3529 464 3580 et
476 3539 553 3599 equa
568 3530 595 3581 ct
612 3524 729 3599 scorpitis
747 3540 835 3581 merim
844 3531 911 3581 sarit
925 3523 1047 3583 ratione
1058 3530 1206 3584 conam

145 3608 178 3665 in
202 3607 422 3677 testimonium,
445 3608 487 3667 ita
506 3606 592 3684 juxta
613 3626 732 3668 versum
752 3609 769 3667 7
789 3611 887 3678 Pater,
908 3609 1036 3668 terbum
1052 3615 1080 3669 et
1096 3604 1205 3687 Spurii!

144 3701 261 3754 serietas
282 3711 373 3754 unum
392 3693 453 3754 sint
471 3709 533 3752 non
548 3699 669 3763 natura,
683 3693 738 3755 sed
752 3693 869 3754 ratione
882 3693 1058 3756 concorde
1069 3688 1205 3757 emiu-

145 3778 226 3839 idiis.
289 3822 294 3837 .
533 3807 550 3837 ο

181 3865 209 3922 Α
222 3864 367 3927 Coneiiiis
377 3865 502 3925 Nicaeno
519 3874 550 3926 et
563 3865 733 3927 sardicensi
749 3882 784 3926 ac
795 3882 813 3926 a
824 3865 980 3928 nonnuliis
991 3865 1134 3928 Patribus
1142 3854 1205 3923 onii·

146 3948 212 4041 quis
224 3967 285 4008 non
298 3958 358 4010 tam
373 3950 488 4010 trinitas
498 3968 690 4029 personarum
702 3950 882 4021 divinornm,
895 3968 986 4031 quam
996 3951 1137 4014 etiamn
1144 3938 1204 4009 1.ss

177 4067 277 4120 ¹Sirnou
288 4068 407 4134 iiirirmd,
417 4073 526 4131 critices
536 4073 570 4125 dn
582 4075 611 4123 Ν.
621 4075 665 4128 'i'..
676 4074 716 4123 cir.
728 4075 768 4125 itt.
