2716 4838
423 455 608 504 trehellum
624 455 822 505 SACRCBUM.
1116 457 1163 505 563

43 553 158 619 tum,
176 552 210 607 et
228 544 374 625 plurime
394 542 582 605 Christianos
603 544 661 605 sub
680 545 806 605 Nerone
824 544 898 625 imp.
918 543 1055 606 moendii
1067 544 1162 606 Urbis

46 633 152 695 tino
161 631 322 693 adcusatos
330 629 491 691 horrendis
503 629 660 709 suppliciis
670 629 762 689 luisse
776 637 928 691 enecatos.

114 720 147 781 ⁸⁰
159 717 340 787 Suetonius,
352 717 405 794 qui
422 716 504 778 cirea
520 733 633 776 annum
650 716 705 775 lte
717 732 786 776 aerae
799 715 934 796 vulgaris
944 716 1073 777 Adriani
1086 719 1159 796 imp.

55 803 261 866 soereurius
278 801 348 872 huit,
362 802 395 862 in
408 802 469 862 vita
482 800 602 863 Claudii
615 801 710 861 refert
725 801 806 861 hunc
820 801 1037 881 imperatorem
1056 821 1164 866 omnes

62 889 204 953 -ludaeos
224 894 257 949 et
268 887 456 950 Christianos
473 889 569 948 Roma
583 887 695 966 expelli
705 885 845 964 misse,
856 887 937 966 qrrod
949 906 1020 949 cum
1030 890 1164 952 Actium

70 975 296 1058 Apostolorum
304 991 332 1034 e.
345 972 382 1033 ts
389 974 526 1053 apprime
536 972 691 1034 contenit.

112 1063 147 1125 θ’
165 1061 284 1124 Plinius
293 1059 411 1137 junior,
425 1077 505 1120 auno
524 1059 578 1119 tlt
591 1077 660 1119 serre
672 1058 806 1137 edgaris
817 1057 988 1129 defunctus,
1001 1060 1033 1119 in
1045 1056 1177 1123 celebri¹

70 1148 117 1212 ad
129 1145 295 1224 Tn'pnnr'n
307 1145 524 1224 imperatorem
535 1144 663 1223 epistola
673 1145 796 1214 scribit,
810 1151 925 1204 nutam
936 1145 1166 1208 multitudinem

76 1234 321 1302 christianorum
334 1233 366 1291 in
379 1232 506 1292 urbibus
524 1240 555 1291 et
567 1232 668 1311 pagis,
682 1232 764 1291 inter
776 1232 842 1310 ipsa
856 1239 1007 1292 tormenta
1019 1250 1163 1295 crescen-

78 1324 156 1384 tium
179 1327 211 1380 et
231 1318 419 1380 sanctissime
440 1316 609 1378 viventium
629 1317 736 1387 brimo,
751 1324 785 1377 ut
806 1334 866 1376 non
888 1318 1017 1396 amplius
1035 1319 1163 1384 auderet

78 1427 132 1471 eos
150 1396 295 1490 punire'3
309 1421 402 1482 quare
415 1403 563 1480 'trajanus
575 1403 633 1483 ipsi
647 1404 803 1484 rescripsit
816 1403 849 1462 in
863 1404 1051 1467 Christianos
1061 1407 1162 1484 inqui·

79 1494 211 1557 rendum
229 1508 294 1553 non
312 1507 394 1562 esse;
407 1490 435 1551 si
456 1497 559 1553 autem
580 1489 834 1551 denuntiarentur
853 1496 885 1550 et
905 1491 1163 1555 convincerentur

78 1575 362 1662 pmiendesesee⁸.
725 1577 729 1581 ’

115 1666 166 1726 {0⁶
184 1661 385 1741 Lampridius,
406 1660 535 1739 scriptor
556 1660 658 1721 saeculi
679 1659 913 1736 quarti,invita
926 1660 1094 1723 Alexandri
1106 1666 1163 1727 Se-

78 1751 146 1813 mi
158 1750 252 1829 inp..
263 1753 366 1807 narrat
386 1744 593 1806 Alexandrum
609 1745 739 1822 singulis
753 1745 911 1803 matutinis
922 1745 955 1804 in
972 1763 1026 1805 suo
1037 1748 1162 1810 Larario

80 1837 236 1904 Christum
254 1851 324 1894 cum
345 1831 519 1893 Abrahamo
541 1836 574 1890 et
590 1828 716 1908 Orpheo
736 1830 882 1900 colussse,
900 1830 929 1890 ei
943 1831 1088 1909 templum
1100 1835 1165 1894 eri—

80 1939 169 2004 gere,
181 1921 341 2001 ipsumque
361 1918 442 1976 inter
453 1915 528 1975 deos
540 1913 690 1974 collocare
703 1912 852 1984 voluisse3
865 1913 921 1974 sed
931 1915 1016 1975 addit
1030 1917 1164 1996 impera·

81 2018 179 2070 torem
190 2005 230 2066 ab
242 2004 302 2064 boc
319 2001 472 2082 proposito
482 2006 633 2060 remotum
642 1997 733 2058 tuisse
746 1999 785 2057 ab
796 1999 835 2059 iis
850 1999 902 2076 qui
918 2000 947 2058 ui
959 2001 1164 2067 observabunt

81 2095 140 2157 hoe
161 2093 196 2153 in
215 2107 287 2153 casu
304 2105 410 2149 omnes
430 2086 620 2148 Christianos
640 2084 811 2154 formosos
829 2086 942 2166 templa
957 2086 1084 2148 deorum
1097 2091 1163 2154 lore

81 2183 211 2244 deserta
244 2178 329 2239 ldem
352 2174 544 2254 Lampridius
567 2178 696 2232 testmur
718 2173 887 2233 Adrianum
909 2174 982 2253 imp.
1010 2175 1165 2241 Christum

80 2267 197 2347 pariter
207 2263 334 2324 deorum
349 2260 418 2320 albo
429 2260 568 2319 inserere
580 2257 728 2329 voluisse,
744 2265 776 2317 et
787 2259 819 2318 in
832 2259 937 2319 multis
948 2261 1079 2324 urbibus
1086 2272 1166 2325 tenr-

80 2355 131 2435 pla
152 2351 356 2413 mutassem
378 2347 478 2406 extrui
496 2343 636 2424 jmsisse,
650 2362 719 2423 quae
741 2346 914 2407 executioni
937 2345 1002 2425 ejus
1014 2353 1164 2432 propositi

81 2439 231 2503 destinata
242 2436 334 2497 luisse
346 2433 498 2495 videntur.

115 2522 168 2585 Η·
181 2521 355 2590 Hierocles,
369 2517 563 2578 Alexandriae
583 2516 640 2578 sub
656 2517 848 2578 Diocletiano
870 2510 1039 2596 impscirca
1051 2539 1162 2585 nummu
1276 2518 1279 2523 ’

80 2611 136 2674 Μ
153 2627 225 2671 aerae
235 2607 373 2684 vulgaris
383 2606 561 2671 mlestus,
575 2604 608 2662 in
621 2603 792 2662 Philalethe
803 2605 947 2663 miracula
960 2605 1074 2667 Christi
1086 2611 1163 2672 sate·

80 2704 143 2767 tm,
158 2694 215 2754 sed
224 2694 263 2751 iis
272 2688 403 2749 absurde
414 2688 540 2764 opponit
549 2686 684 2746 fabulosa
692 2687 846 2762 Apollonii
854 2687 1002 2763 Thyanroi
1011 2692 1162 2771 prodigia.

114 2780 166 2843 θ’
181 2774 379 2855 Porphyrius,
393 2770 592 2850 philosophus
602 2771 771 2849 platonicus
784 2771 866 2828 tertii
883 2773 1006 2844 saeculi,
1019 2776 1163 2842 miracula

79 2866 213 2933 (lh-isti,
227 2860 456 2940 Apostolorum,
475 2866 505 2918 et
524 2858 690 2936 primorum
702 2855 944 2917 Christianorum
957 2861 1083 2922 minime
1095 2862 1164 2925 inii·

80 2952 195 3017 rimur,
208 2945 261 3008 sed
275 2962 312 3005 ea
324 2944 451 3023 magicis
463 2943 580 3005 artibus
588 2942 698 3003 stolide
711 2941 859 3003 attribuit.

116 3036 170 3099 ἰδ’
183 3035 323 3095 lulianus
343 3032 525 3110 imperator,
548 3030 601 3107 qui
620 3028 733 3090 secuto
754 3035 861 3106 quarto
879 3029 1055 3107 imperavit,
1075 3038 1165 3100 mira.

80 3125 149 3187 euin
161 3120 277 3184 Christi
291 3118 373 3179 haud
386 3125 492 3197 negat,
504 3117 557 3178 sed
572 3116 669 3176 effutit
681 3132 717 3175 ea
731 3115 761 3173 in
775 3115 839 3174 uico
849 3115 1041 3177 desoldeia
1050 3124 1166 3197 quibas-

81 3208 152 3269 dom
170 3206 252 3267 crucis
266 3212 292 3262 et
314 3202 426 3263 claudis
443 3209 560 3282 patrata
573 3218 650 3261 esso.
664 3200 833 3260 Veritatem
845 3200 984 3260 vaticinii
998 3202 1111 3265 Christi
1125 3207 1165 3270 do

81 3398 141 3461 quo
154 3377 300 3456 templum
312 3375 614 3455 hierosolymitanum
631 3370 817 3434 reaedificare
830 3373 952 3435 molitus
962 3383 1018 3438 est.

116 3464 273 3541 higitm·
294 3469 387 3521 testes
408 3476 555 3540 paganos,
572 3460 709 3538 proiecto
732 3457 813 3519 ham
833 3468 1002 3539 suspectos,
1017 3463 1068 3540 qui
1088 3463 1166 3527 facta

81 3548 260 3629 «angelica
277 3563 330 3606 sua
342 3545 492 3606 relatione
504 3542 732 3606 confirmarunt!
748 3542 861 3604 Eadem
872 3545 951 3605 tacta
964 3549 1166 3610 corroboran-

81 3631 256 3713 uigmdi
274 3631 394 3692 ratione
415 3630 581 3707 primorum
601 3629 832 3699 baereticorum
850 3646 920 3689 nam
936 3632 1041 3692 Simon
1060 3634 1166 3714 ltlagur

81 3720 210 3867 mise
235 3722 362 3797 propter
383 3716 530 3775 miracuta
550 3714 684 3794 Philippi
709 3715 856 3792 baptizari
879 3715 987 3778 voluit.
1010 3719 1164 3793 Gnostici,

156 3804 293 3872 taaistae,
314 3801 428 3878 aliique
450 3800 535 3860 illius
554 3800 700 3879 temporis
717 3798 872 3870 haeretiei,
885 3799 964 3860 nihil
985 3802 1165 3866 intentatum

83 3890 274 3969 reliquerunt
285 3886 326 3947 ad
337 3884 467 3954 Christi,
480 3886 710 3963 Apostolorum,
724 3886 952 3964 primorumque
961 3885 1095 3950 fidelium
1107 3891 1167 3951 mi-

85 3976 188 4043 racula
197 3993 254 4055 per
265 3973 385 4034 fraudes
400 3971 583 4055 adparenter
594 3972 751 4035 imitanda.

113 4082 213 4136 teta..
223 4083 268 4130 tu.
283 4075 694 4143 to,opst.or.-¹1oru.,sptst.
707 4081 830 4141 senene.
