2708 4846
478 460 662 522 uranonuu
680 473 874 524 saunenuu.
1184 471 1218 523 ee

173 562 319 626 Socrates
328 563 491 625 meriturus
504 564 543 626 de
558 571 638 626 statu
651 567 759 628 animae
771 570 976 646 postmortem
987 563 1214 627 dubiushaesit:

135 653 251 713 «Hera
261 658 310 714 eat
318 650 390 712 hine
400 650 521 720 abire»
531 648 780 733 aiebat(Apolog.
787 654 862 714 Plat.
873 654 905 713 in
914 650 997 730 fine),
1008 672 1024 709 u
1035 669 1084 713 me
1094 652 1217 730 quidem

136 746 202 800 aut
220 738 356 809 moriar,
376 744 547 799 vosautem
560 745 595 799 ut
610 740 705 800 vitam
723 741 828 819 agatis.
849 739 918 800 Utri
940 755 1013 801 vere
1031 745 1167 800 nestrum
1182 738 1216 800 in

138 825 277 887 »melius
287 830 372 896 eant,
383 823 524 885 omnibus
540 831 742 904 preterquam
755 827 819 886 Dee
834 831 880 886 est
899 825 1057 887 inuentum.
1070 845 1088 883 i>
1100 825 1217 886 Plutar-

144 910 211 977 dun
218 911 378 972 Socratem
384 909 561 988 loquentem
569 909 822 988 induciqconsol.
834 911 873 971 ad
882 910 1050 989 Apellen.):
1061 911 1217 972 «Mortem

144 1014 228 1059 »nen
237 1012 307 1057 esse
316 995 588 1074 timendam‚qued
597 1005 649 1058 aut
657 997 764 1059 similis
774 1005 955 1069 somne,aut
962 997 1215 1076 peregrinationi,

143 1102 158 1139 s
174 1082 274 1143 futura
286 1081 340 1152 sit,
353 1089 404 1142 aut
416 1081 539 1142 tandem
551 1089 620 1160 pest
631 1090 758 1143 mertem
769 1088 877 1144 euneta
888 1080 1087 1143 destruantur.
1100 1103 1117 1140 u

172 1168 293 1229 Tullius
304 1166 407 1229 laudat
421 1184 489 1245 quae
502 1168 589 1228 Plato
611 1168 650 1229 de
663 1169 830 1229 animorum
840 1168 1066 1229 immortalitate
1081 1167 1214 1249 scripsit,

133 1256 190 1320 sed
200 1273 236 1318 se
247 1262 353 1317 tamen
364 1255 539 1315 convictum
547 1272 609 1317 nen
622 1255 713 1318 fuisse
728 1256 805 1317 dieit
818 1274 826 1315 :
840 1276 857 1313 u
868 1255 976 1317 Eveivi
989 1255 1053 1335 ejus
1061 1254 1188 1328 librum,
1198 1277 1216 1314 ι

134 1343 179 1404 ait
188 1339 266 1419 (lib.
278 1340 308 1411 i,
319 1357 348 1401 e.
362 1340 394 1398 ti
408 1346 513 1417 quaest.
522 1340 645 1416 Tuse.),
665 1360 681 1396 α
694 1340 749 1401 sed
766 1340 870 1401 neseio
884 1342 1032 1419 quemodo
1043 1341 1114 1402 dum
1131 1343 1215 1423 lego,

135 1427 324 1491 »adsentior
336 1445 344 1484 :
358 1425 429 1488 dum
440 1426 527 1507 posui
537 1426 665 1496 librum,
676 1434 708 1488 et
716 1444 835 1488 meeum
846 1427 912 1508 ipse
924 1429 964 1490 de
977 1429 1144 1491 animorum
1158 1431 1216 1491 im-

135 1513 351 1577 ».mertaiitate
361 1513 496 1592 cogitare
511 1513 606 1593 coepi,
627 1515 758 1575 assentio
770 1514 867 1576 omnis
881 1515 933 1576 illa
949 1516 1119 1577 elabitur.»
1136 1518 1216 1581 Dein

134 1598 306 1670 meludit,
317 1597 1214 1679 usolutionemquaestieuishujusdiisrelinquendamesse.u

168 1680 350 1753 nicenum,
359 1681 538 1758 tbristexeni
547 1728 556 1756 ,
566 1683 692 1763 Epieuqi
705 1683 829 1762 ejusque
838 1685 943 1764 gregis
959 1702 1077 1747 errores
1086 1695 1118 1748 et
1127 1704 1216 1767 argu-

134 1776 238 1833 menu
249 1768 350 1830 iutilia
358 1769 483 1848 collegit
490 1768 647 1831 Lueretius
660 1770 728 1846 (De
739 1771 852 1831 Natura
863 1787 964 1831 rerum
975 1772 1030 1833 lib.
1048 1772 1100 1849 ὅ).

170 1854 302 1919 Romani
313 1854 429 1931 antiqui
440 1855 565 1934 praemia
576 1861 608 1914 et
618 1853 766 1932 supplicia
774 1862 843 1933 pest
854 1864 983 1915 mertem
997 1856 1215 1942 admittebant,

136 1940 302 2023 ntexinsis
313 1939 458 2018 operibus
470 1955 573 1999 eorum
587 1944 761 2017 peetanma,
784 1940 900 2001 tabulas
910 1941 1031 2001 veritati
1047 1941 1216 2006 admiscen-

139 2029 225 2103 tinm,
235 2025 404 2089 luculenter
411 2031 505 2105 patet.
517 2022 567 2085 sie
578 2023 727 2102 Virgilius
738 2019 900 2101 (AEneides
912 2024 1138 2109 lib.6)eampes
1145 2030 1215 2108 Ely-

139 2112 395 2180 deseramne,
415 2127 474 2188 quo
486 2111 626 2170 AEnaeam
645 2109 795 2189 asibylla
812 2109 946 2175 Cumana
968 2112 1090 2177 ductum
1109 2112 1211 2196 tingit,

140 2197 599 2272 describendinteraliaeanit:
1103 2200 1108 2205 ’

315 2341 418 2392 iteeneu
429 2342 455 2390 et
463 2340 566 2402 Tityon,
576 2342 649 2390 terrea
659 2341 839 2404 omniparentis
846 2343 987 2410 alumnum,

315 2411 422 2461 Cernere
433 2413 501 2458 erat:
513 2423 558 2471 per
568 2412 618 2459 teta
628 2423 718 2459 novem
726 2411 766 2460 cut
774 2411 861 2472 jugera
872 2425 959 2476 cerpus

316 2480 466 2541 Perriqitnr,
477 2482 601 2541 rostroque
613 2480 729 2529 immanis
736 2482 822 2528 rultrrr
831 2482 927 2531 ebunee

317 2549 458 2598 immortale
468 2548 538 2607 jecur
548 2549 666 2609 tundens,
677 2548 831 2610 fecundaque
840 2550 921 2611 penis

315 2617 432 2679 Viscera,
442 2618 594 2677 rimaturque
605 2617 699 2678 epulis,
710 2617 854 2678 habitatque
864 2619 911 2667 sub
921 2618 971 2670 alte

315 2686 434 2747 Pectore3
444 2698 492 2735 nee
501 2686 570 2735 tibris
580 2685 680 2746 requies
693 2685 766 2734 datur
776 2687 826 2733 ulta
836 2687 938 2736 renatis.

321 2786 592 2805 ..................
605 2754 692 2816 Sedet,
703 2758 860 2815 eternumque
869 2755 967 2806 sedebit

317 2824 412 2875 lnietin
420 2825 545 2873 Theseus:
556 2824 724 2885 Phlegyasque
735 2824 887 2874 miserrimus
896 2836 981 2877 omnes

317 2893 452 2954 Admouet,
464 2895 490 2942 et
500 2905 587 2955 magna
598 2893 704 2942 testatur
714 2905 775 2943 vete
785 2906 831 2956 per
839 2893 955 2943 umbras:

317 2962 414 3012 Disette
423 2962 545 3023 iustitiam
556 2962 655 3024 moniti,
667 2964 694 3012 et
703 2974 752 3012 non
762 2963 874 3014 temnere
884 2963 969 3016 nives.

157 3077 832 3162 nnuunaecus(carm.1.n‚0ur)au=

318 3228 401 3291 Quum
410 3227 501 3291 semel,
511 3221 645 3288 eredens,
656 3220 723 3275 etde
733 3226 758 3275 te
768 3223 896 3288 splendide
905 3224 983 3279 bimus

440 3294 538 3348 iecerit
547 3297 662 3358 arbitria,

317 3366 385 3431 ben,
395 3362 530 3429 demate,
541 3380 631 3429 genus,
640 3377 690 3416 nen
701 3363 728 3415 te
738 3363 860 3427 facundia,
870 3377 919 3416 non
927 3365 955 3417 te

441 3436 669 3499 Restituetpietau:
794 3430 799 3447 '

320 3505 425 3557 iniunis
434 3519 515 3568 neque
526 3506 594 3555 enim
604 3504 712 3554 tenebris
722 3505 799 3555 Diana
809 3504 926 3568 pudicum

441 3572 541 3623 Liberat
551 3570 723 3634 Hippolytum

275 3648 279 3655 '
319 3640 369 3694 itee
378 3643 469 3695 lethaea
479 3644 546 3692 vutet
554 3643 662 3691 Theseus
673 3643 819 3705 abrumpere
829 3654 885 3694 eure

440 3714 679 3778 VinculaPyritboo.

130 3862 134 3869 ·
171 3818 409 3915 bisernum·
423 3849 497 3895 vero
518 3834 705 3913 temporibus
723 3830 897 3915 philosophi
912 3831 1031 3894 roman
1047 3829 1209 3900 usanrmae

122 3880 369 4019 ,ΜΕΝ
392 3917 586 3994 diuiserunt,
606 3925 659 3981 aut
680 3918 765 3980 illam
788 3921 881 3982 etlam
899 3920 980 3982 inter
996 3918 1111 3983 tabum
1128 3921 1212 3985 dele.

114 4188 119 4199 1
152 4006 1210 4181 mtreiiffisssaene'deeninuubjumerteliteteeqreqteseupsn,
