2708 4846
468 449 658 501 uterorum
673 451 874 501 ehettottutt.
1158 455 1206 507 m

157 544 215 603 Ast
222 558 260 602 ex
272 542 313 603 lll
324 542 400 620 lleg.
409 540 460 612 l8,
475 542 526 614 li,
539 550 624 623 patet
634 542 862 606 translationem
874 545 1207 627 hommumperaeren

121 643 184 690 non
202 626 295 688 luisse
316 626 499 698 inauditam,
518 631 630 690 ethct.
650 628 687 699 8,
705 627 793 690 letl
808 629 921 710 legitur
936 676 943 687 .
957 631 1133 712 Philiopum
1150 649 1208 714 par

120 730 226 775 aerem
237 713 373 774 delatum
384 731 461 774 esse.

157 797 192 859 Si
207 799 347 860 seditiosi
359 798 520 876 Babylonii
531 798 707 879 speluncam
722 798 846 861 leonum
861 818 916 862 sex
931 798 1041 866 diebus
1052 798 1207 867 custodie·

120 882 211 952 bant,
227 891 293 944 erat
303 883 427 945 modus.
439 902 498 960 quo
510 885 815 947 Danielabllabaoue
823 889 953 948 nutritus
961 887 1028 960 luit,
1037 890 1208 968 aptissimus

121 966 154 1027 l·
165 967 206 1028 ad
218 967 379 1029 Danielem
394 968 579 1029 esurientem
591 965 756 1030 cibandum
760 989 769 1040 ;
779 968 812 1030 2⁰
825 970 864 1031 ad
878 968 1055 1050 Babyloniis
1068 976 1208 1055 omnipo-

120 1049 250 1114 tentiam
265 1052 340 1123 Dci,
356 1069 449 1130 quem
462 1052 571 1113 Daniel
591 1053 752 1125 adorabat,
774 1053 1041 1125 manifestandam
1063 1064 1097 1120 et
1115 1056 1146 1117 t⁰
1168 1058 1207 1121 ad

120 1136 265 1201 fiduciam
283 1138 457 1199 ludaeorum
469 1135 730 1199 Palestinensium
741 1138 772 1200 in
785 1140 883 1201 Deum
892 1141 1093 1203 excitandam

158 1224 295 1304 Tempus
312 1241 384 1284 vero
408 1241 468 1303 quo
493 1223 636 1287 Habacuc
656 1225 878 1307 prophetizavit
906 1226 939 1286 in
960 1225 1208 1291 retentatore

120 1308 205 1371 haud
214 1317 345 1371 notatur.
359 1312 392 1373 Si
403 1311 461 1371 sub
475 1310 590 1372 ultimis
606 1312 731 1392 regibus
742 1312 831 1373 Judae
847 1312 1103 1385 taurinatium,
1117 1311 1208 1377 tacite

121 1411 220 1474 mque
228 1402 297 1473 post
305 1395 513 1475 captivitatem
525 1394 740 1474 babylonicam
751 1397 846 1457 vixit:
859 1397 886 1457 si
899 1412 973 1479 vero
986 1397 1065 1457 vixit
1075 1398 1132 1458 sub
1144 1399 1209 1460 Ma·

121 1498 228 1551 nanee,
254 1480 393 1543 Drersm
413 1488 460 1542 est
481 1481 522 1543 ab
545 1480 601 1542 illo
619 1480 769 1563 propheta
788 1480 948 1554 Habacuc,
973 1482 1027 1560 qui
1047 1483 1208 1545 Danielem

120 1566 251 1631 cibavit.

167 1653 328 1717 Danielem
344 1669 364 1715 a
380 1669 455 1732 rega
473 1652 507 1714 in
525 1652 704 1732 speluncam
717 1653 843 1716 leonum
863 1651 975 1735 conjici
986 1655 1102 1736 jussum
1117 1672 1207 1727 esea,

121 1739 252 1803 minime
259 1737 444 1799 incredibile
453 1735 610 1798 videbitur
618 1737 821 1816 perpendenti
843 1739 1209 1820 quid'eitpopuliianatici

121 1824 266 1887 rebellio.
284 1822 375 1901 Quod
391 1839 466 1884 vero
480 1838 535 1882 rex
547 1838 580 1883 se
596 1836 660 1883 non
671 1821 732 1882 ulei
753 1822 882 1900 septimo
899 1822 950 1883 die
971 1823 1009 1883 ad
1032 1822 1210 1902 speluncam

121 1908 302 1980 contulerit,
330 1908 495 1988 provenire
512 1905 631 1986 potnit,
648 1903 730 1982 quod
747 1905 895 1967 fanaticus
905 1906 1035 1986 populus
1043 1906 1210 1985 Babylonia

121 1992 502 2057 aexdiebustumnltuatm
513 1990 563 2050 sit

159 2078 207 2140 Ea
218 2077 303 2139 hisce
315 2076 417 2138 elamet
443 2074 518 2155 quid
530 2071 729 2153 judicandum
741 2073 782 2134 sit
793 2073 833 2134 de
844 2072 1049 2136 recentiorum
1067 2091 1210 2154 quorum-

123 2162 196 2229 (lam
209 2163 378 2236 sententia,
396 2161 477 2241 quod
490 2161 743 2241 (campaneola
757 2169 906 2222 narretur.
920 2160 1009 2225 cont.
1025 2181 1057 2223 n.
1071 2160 1162 2224 teet
1176 2169 1210 2227 ei

197 2418 240 2469 DE
252 2416 407 2468 WODEGIM
420 2414 586 2466 tuorum
598 2413 770 2466 moltibus.
781 2439 812 2453 -
822 2415 862 2465 br
877 2413 1046 2466 Pholelh
1060 2415 1142 2468 0888·

193 2542 196 2547 '
300 2535 319 2605 s
332 2538 433 2588 uxbtx.
444 2558 474 2575 ··
484 2537 555 2589 Osee.
566 2538 661 2600 hiaena
671 2538 698 2586 el
707 2538 772 2587 AEtaa
781 2537 836 2598 aius
846 2538 1030 2589 reticulorum.

160 2685 235 2745 888.
243 2683 340 2756 Osee,
348 2679 685 2762 primusprophetarum
693 2676 860 2747 minorum,
870 2670 1110 2742 iilimiuitlieorl
1121 2678 1167 2757 (c.
1179 2680 1209 2753 l,

122 2763 179 2849 l),
192 2778 226 2832 et
235 2768 380 2831 vaticinia
389 2783 443 2829 sua
455 2765 600 2825 hebraice
611 2762 718 2823 edidit.

165 2854 353 2917 vaticinatus
361 2859 408 2913 est
416 2849 472 2912 sub
481 2847 648 2910 deroboam
662 2847 705 2915 ll,
719 2860 795 2924 rege
809 2843 944 2915 Israelis,
959 2841 1084 2922 eiusque
1092 2861 1211 2910 succee-

125 2938 489 3017 normannicum
500 2931 670 3013 regnabant
681 2930 715 2992 in
726 2929 807 2992 duda
818 2929 928 3002 ozias,
940 2928 1089 3002 Joatban,
1108 2931 1211 2994 Achra

125 3020 449 3102 atherhiaafibidh.

314 3156 332 3225 5
346 3157 392 3209 Ci-
402 3182 432 3195 -
443 3156 619 3220 inmutatum
630 3152 656 3203 ei
666 3151 744 3215 stylus
753 3145 939 3215 prophetiarum
948 3143 1020 3200 daea.

164 3278 237 3337 atta.
248 3277 441 3339 vaticinatam
457 3282 505 3338 eet
519 3274 601 3337 Osee
612 3272 803 3352 potissimum
817 3267 858 3330 de
873 3284 970 3348 regno
979 3268 1085 3330 lsrael.
1102 3266 1213 3348 Arguit

127 3364 333 3429 baalitarum
349 3361 483 3431 scelera,
501 3359 725 3439 idololatriam,
747 3356 934 3427 seditiones,
952 3353 1106 3435 periuria,
1128 3362 1213 3432 ete,

127 3449 330 3535 prodlcitque
346 3448 435 3527 regni
454 3463 561 3508 eorum
577 3444 814 3506 destructionem
829 3443 874 3518 (c.
892 3440 1001 3512 idel.
1018 3456 1047 3501 c.
1063 3438 1102 3511 2,
1114 3438 1213 3508 lla-ld.

129 3536 244 3609 eim.
260 3552 290 3597 o.
303 3532 503 3608 t,tt9.c.6‚
515 3531 675 3604 l0,etc.),
688 3529 734 3588 uti
746 3527 907 3589 etruiuam
923 3523 1165 3604 ragnitrudem.
1178 3524 1213 3598 Β,

127 3620 159 3685 1.
171 3638 203 3685 c.
219 3621 254 3692 8,
276 3621 331 3693 tt,
348 3619 441 3691 etc),
458 3616 702 3698 deportationem
715 3613 906 3682 ludaeorum,
923 3611 1045 3671 illorum
1058 3608 1214 3684 reditun,

128 3711 320 3769 enatantem
332 3703 399 3765 veri
410 3702 468 3764 Dei
482 3701 612 3771 cultum,
624 3698 817 3761 vocationem
829 3693 1014 3765 Gentilium,
1026 3700 1087 3756 etc.

164 3791 271 3871 Dtylm
280 3787 520 3853 Dseeinmultis
532 3793 578 3848 est
587 3786 724 3866 poeticus
735 3825 745 3853 ‚
758 3783 791 3842 in
802 3781 871 3841 aliis
881 3797 957 3841 uero
976 3776 1213 3859 prosaicum&-

128 3863 1213 3954 mtineosymbolmhequenteseimilitudineelmaginesaetropit

117 3958 331 4035 =fflatiaua
348 3969 405 4032 rat,
418 3960 461 4020 ait
473 3959 677 4035 Hieronymus
687 3954 727 4016 de
737 3952 834 4020 Osee,
851 3958 879 4010 et
893 3949 980 4028 quoti
994 3964 1046 4030 par
1060 3948 1215 4012 mutim

131 4044 283 4139 W?
297 4045 371 4110 hine
384 4044 447 4125 ejre
457 4043 550 4106 dictio
563 4039 725 4123 dimando
739 4045 785 4102 ast
796 4036 933 4099 obscaua
1074 4110 1078 4117 ⁸
1092 4075 1120 4121 ω
1151 4096 1155 4101 ,
