2708 4846
136 476 185 525 250
542 472 587 519 lttt
607 463 814 518 lurnenrtt

135 577 232 627 morte
253 566 393 627 occurrit.
412 564 493 640 Quas
511 560 743 623 lamentationes
762 551 912 617 ieremias
924 550 963 610 'in
979 543 1185 609 mortemiosla

135 654 315 731 composuit,
331 649 440 728 injuria
458 658 627 728 temporum
646 647 808 725 perierunt.
826 640 857 700 2⁰
877 636 1029 699 ieremias
1040 634 1074 732 in
1083 634 1187 692 Lamen-

135 740 301 799 tatiouibus
317 737 443 815 respicit
456 742 549 795 totam
562 733 707 812 epocham
719 729 880 797 malorum,
895 740 963 803 quae
975 719 1075 781 Judaer
1087 716 1188 819 sublit·

134 824 386 885 buchodonosore
401 821 536 900 perpessi
557 828 640 889 sunt3
656 825 687 877 et
703 816 775 876 binc
789 815 898 873 mimm
915 826 978 871 non
995 812 1056 876 est,
1070 806 1189 867 lltertst·

135 911 246 991 lyutam
260 920 291 970 et
302 910 447 989 templum
459 908 530 967 hinc
544 906 616 965 inde
627 912 660 963 ut
671 901 830 963 existentia
842 896 981 977 supponi.

172 1000 245 1055 52⁴.
260 998 389 1074 Quidam
404 995 592 1057 recentiores
605 992 789 1052 arbitrantur
803 984 1049 1047 Lamentationes
1069 981 1189 1044 Jerenla

134 1104 227 1147 unum
248 1085 400 1163 obiectum
421 1102 483 1144 non
505 1083 634 1150 babere,
656 1094 806 1154 unumque
824 1083 917 1134 totmn
935 1092 996 1134 non
1015 1072 1190 1137 constituere.

134 1173 189 1233 sed
203 1174 336 1252 quinque
349 1172 387 1232 iis
404 1171 502 1231 inesse
517 1166 637 1244 objecta
650 1166 786 1235 divorsa,
801 1162 934 1241 quinque
947 1159 1076 1221 diversis
1088 1158 1192 1221 cantici

134 1257 313 1337 lugubribus
323 1273 474 1337 expressa.
489 1255 678 1317 Canerentur
687 1250 788 1326 itaque

173 1348 206 1403 ln
231 1344 329 1423 primo
353 1344 396 1421 (e.
423 1343 456 1420 l)
479 1339 648 1417 deportatio
671 1336 810 1397 loacliim
831 1334 912 1413 regis
930 1328 1193 1394 Junaecumttttt

135 1433 354 1511 praecipuorum
376 1429 552 1489 Judaeomm
568 1425 756 1505 Babylonem
774 1422 837 1500 (tv
860 1422 934 1500 licg.
953 1422 1046 1492 2t311
1066 1418 1192 1495 Penii).

172 1516 349 1578 insecundo
362 1516 406 1593 (c.
420 1515 456 1595 i)
469 1514 556 1572 ruina
568 1511 787 1587 Hierosolyma·
799 1526 833 1568 ac
843 1507 959 1585 templi.

173 1607 206 1663 ln
227 1604 316 1664 tertio
338 1603 381 1671 (c.
402 1600 540 1679 mnata,
554 1615 622 1676 quae
644 1595 794 1658 Jeremias
812 1596 878 1673 ipse
896 1602 1034 1675 tempere
1046 1590 1195 1656 obsidionis

157 1706 238 1750 assus
251 1698 305 1747 est.

135 1707 155 1767 p
173 1779 207 1836 ln
224 1783 330 1853 quarto
344 1774 388 1845 (e.
406 1774 440 1851 lt)
451 1778 544 1834 status
560 1769 779 1847 Ilierosolymae
792 1776 949 1848 postquam
964 1767 1031 1830 ltaee
1045 1768 1117 1831 urbs
1126 1774 1197 1851 eapti

136 1868 216 1935 erat,
233 1870 264 1922 et
275 1860 417 1923 abductio
430 1860 511 1938 regis
521 1856 667 1919 sedeciae.

173 1951 207 2009 ln
221 1949 326 2025 quinto
344 1946 387 2016 te.
403 1946 437 2018 a)
451 1944 585 2006 conditio
602 1938 777 2003 ludaeorum
789 1959 857 2003 eum
868 1940 1029 2021 praecipuis
1042 1958 1104 2003 suae
1115 1938 1197 2003 natio

135 2036 184 2095 nis
202 2035 234 2093 in
248 2033 454 2113 captivitatem
472 2030 684 2100 abductorum,
697 2028 768 2113 dum
782 2043 930 2108 pauperes
946 2027 979 2088 in
995 2027 1103 2089 Judaea
1113 2022 1197 2089 renea

137 2128 234 2183 erant.

134 2261 152 2331 8
167 2266 501 2327 emit-Argumentum,
513 2277 613 2325 scopus,
623 2262 720 2325 lingua,
731 2261 838 2312 elocutio
849 2274 877 2311 ae
887 2261 983 2312 indoles
993 2260 1198 2313 minoratum.

174 2389 372 2446 :titbvcrum
392 2404 430 2445 cx
451 2393 627 2464 argumento
646 2386 907 2446 Lamentationum
925 2393 1044 2447 constat
1061 2402 1112 2449 eas
1122 2398 1199 2447 ununt

138 2479 234 2533 totum
255 2471 456 2542 constituere;
470 2488 536 2549 quac
557 2472 639 2530 enim
660 2471 809 2531 ieremias
830 2471 862 2530 in
881 2470 943 2532 suis
954 2471 1200 2533 vaticiniisiutm

66 2578 72 2589 ·
137 2559 332 2639 praedixerat,
355 2559 396 2637 in·
409 2558 470 2619 suis
489 2557 768 2617 Lamentationibus
789 2557 949 2619 advenisse
968 2558 1064 2619 deflet
1081 2573 1091 2619 t
1110 2570 1200 2619 erem

137 2644 363 2723 Hierosolyma,
377 2644 533 2704 combusto
547 2644 671 2720 templo,
684 2643 789 2703 iudaea
801 2650 931 2712 vastata,
943 2660 1016 2722 rege
1028 2642 1201 2721 Babylonem

137 2733 277 2801 abducto,
289 2732 404 2792 Judaeis
416 2732 527 2811 partim
538 2730 631 2800 bello,
641 2726 717 2790 taine
728 2738 758 2789 et
770 2739 855 2809 peste
868 2731 987 2801 occisis,
997 2730 1109 2810 partim
1116 2730 1201 2807 Baby·

136 2819 239 2879 lenem
259 2818 409 2887 deductis,
429 2817 612 2895 pauperibus
625 2816 657 2875 in
676 2816 832 2876 Palaestina
846 2817 1059 2879 Chaldaeorum
1074 2830 1201 2895 persect-

137 2906 213 2965 tioni
227 2905 381 2984 expositis,
390 2904 480 2983 ‚ponit
493 2904 642 2987 ieremias
652 2903 692 2962 eb
705 2903 806 2963 oculos
818 2904 850 2962 in
863 2903 925 2963 suis
936 2902 1202 2965 Lamentationibus

137 2992 280 3051 iniserum
300 2997 409 3049 statum
430 2989 618 3061 Judaeorum,
643 2988 838 3057 calamitates,
859 3005 932 3065 quas
954 2989 1056 3050 Judaei
1080 2996 1202 3071 tempore

138 3077 305 3139 ob'sidionis
319 3085 350 3137 et
368 3076 598 3156 expugnationis
612 3076 690 3155 passi
710 3083 811 3146 erant,
825 3077 921 3147 mala,
934 3094 1002 3153 quae
1013 3076 1080 3157 ipse
1095 3094 1204 3159 perpes-

137 3184 186 3226 sus
207 3171 265 3237 est,
286 3163 481 3241 hortaturque
496 3163 642 3223 Hebraeos
658 3170 692 3222 ut
712 3163 922 3241 poenitcntiam
934 3170 1040 3241 agant,
1062 3163 1103 3226 ad
1119 3166 1203 3226 nem

138 3257 366 3321 convertantur,
382 3257 413 3310 ct
425 3266 478 3327 spe
488 3248 624 3309 melioris
634 3249 722 3309 sortis
732 3248 895 3327 erigantur.

174 3338 246 3393 atto.
266 3337 379 3415 scopus
401 3341 500 3394 autem
521 3335 782 3394 lamentationum
805 3334 916 3414 duplex
937 3341 1000 3395 cst:
1015 3336 1116 3398 voluit
1130 3336 1205 3398 icte-

137 3424 213 3483 mias
225 3441 232 3480 ε
245 3421 274 3479 l⁰
285 3420 407 3479 ludaeos
420 3419 546 3487 docere,
557 3436 675 3479 cumam
686 3437 788 3479 eorum
798 3420 999 3480 calamitatum
1008 3423 1205 3504 esseipserutt

138 3514 276 3587 peecata,
288 3524 398 3583 eosque
410 3505 447 3566 ad
459 3506 688 3566 conversionem
699 3509 846 3577 excitare3
859 3507 890 3568 2⁰
900 3507 996 3568 voluit
1009 3525 1117 3571 eorum
1127 3508 1204 3571 tuen

138 3593 170 3651 in
193 3590 407 3669 promissiones
429 3587 548 3648 divinas
570 3589 718 3658 excitare,
739 3598 771 3649 et
793 3590 861 3651 illos
882 3598 965 3650 certa
983 3607 1039 3668 spe
1055 3590 1203 3653 rediuuir

138 3678 281 3755 patriam,
295 3674 554 3752 restitutionisquc
567 3675 600 3735 iu
614 3675 773 3755 pristinum
788 3676 909 3738 felicem
918 3682 1029 3738 statum
1042 3694 1061 3738 a
1072 3678 1200 3761 despera

138 3763 221 3822 tione
233 3777 427 3842 praeservare.
1041 3756 1049 3763 '

176 3849 247 3903 527.
265 3850 381 3928 Lingua
402 3844 729 3911 Lamentationum‘est
747 3850 887 3921 hebrea,
907 3849 1034 3911 vecibus
1045 3850 1204 3914 'chaldaicis

139 3930 243 3990 mixta.
256 3931 357 4009 stylus
370 3937 431 4001 est,
439 3941 529 4010 prout
541 3932 667 3993 canticis
678 3934 837 4015 convenit,
848 3931 997 4013 poeticus,
1009 3949 1045 3995 ac
1056 3932 1205 3995 sublimior

141 4032 229 4091 quarn
241 4018 271 4076 in
284 4018 427 4079 ieremiae
436 4017 616 4097 prophetiis,

178 4100 303 4181 Scriptae
318 4103 438 4165 luerunt
451 4105 516 4164 istae
529 4105 771 4167 Lamentationes
784 4104 931 4169 versibus.
945 4105 1113 4185 Quodlibet
1123 4108 1207 4189 eapti
