2716 4838
482 454 664 503 ainnohun
682 454 876 504 stcnolttllt
1176 458 1222 507 ott

195 591 334 642 mm
347 591 542 642 maturatis
557 592 745 642 mmmmm
758 593 919 643 mannhun
931 593 1005 644 ltovt
1019 594 1171 645 roensltlt

243 709 262 778 s
271 713 470 773 Gelam-Quod
479 715 548 764 natio
559 715 643 765 luda
653 715 776 765 Christum
784 716 815 765 ut
824 713 936 766 limiam
947 728 997 765 non
1007 716 1116 778 agnovit.

172 857 250 914 822.
260 856 394 918 Thomas
406 858 590 928 Woolston,
600 857 700 920 David
709 860 825 929 ilume,
837 860 869 919 J.
883 860 912 918 J.
923 861 1079 921 Rousseau
1089 861 1098 883 ¹
1108 858 1223 938 aliique

139 941 266 1014 heiste,
280 944 426 1004 miracula
436 944 549 1007 Christi
562 945 595 1005 in
606 945 782 1024 Evangeliis
791 945 886 1006 relata
895 962 968 1007 vera
980 946 1072 1007 fuisse
1078 947 1223 1009 miracula

138 1036 252 1108 negant
258 1048 267 1099 ;
287 1029 390 1099 aiunt,
408 1030 435 1090 si
454 1029 508 1090 illa
531 1046 605 1090 vera
624 1030 751 1091 fuissent
769 1031 929 1102 miracula,
947 1030 1064 1101 Judaei,
1080 1031 1140 1092 isto
1155 1049 1223 1095 aevo

137 1114 283 1175 llessiam
300 1122 513 1194 expectantes,
526 1123 558 1174 et
571 1115 720 1194 imprimis
733 1116 908 1195 synagoga,
919 1116 966 1176 nti
979 1115 1072 1176 etiam
1089 1114 1224 1194 philoso-

136 1199 190 1280 phi
201 1200 335 1279 pagani,
347 1199 405 1260 ista
422 1199 643 1272 credidissent,
657 1208 690 1261 et
701 1199 814 1263 Christi
832 1202 1015 1280 religionem
1032 1201 1163 1278 amplexi
1175 1218 1224 1262 es·

136 1291 207 1346 sent
220 1304 229 1343 ι
242 1285 276 1345 id
296 1293 398 1346 autem
419 1285 531 1348 iactum
549 1304 612 1347 non
630 1293 691 1358 est3
705 1288 811 1359 ioan,
835 1288 918 1347 enim
938 1286 971 1357 7,
988 1287 1038 1348 ta.
1055 1285 1222 1350 Pharisaei:

136 1371 338 1449 «Numquid,
353 1374 453 1442 aiunt,
469 1373 710 1452 exprincipibus
722 1373 832 1452 aliquis
844 1372 991 1441 credidit,
1004 1379 1056 1433 aut
1068 1388 1105 1433 ex
1116 1371 1224 1435 Phari·

137 1457 258 1518 »saeist
270 1457 325 1518 sed
335 1459 426 1518 turha
445 1457 527 1528 haec,
541 1476 609 1537 quae
628 1476 690 1519 non
705 1461 792 1520 novit
807 1459 925 1538 legem,
935 1457 1091 1520 maledicti
1109 1466 1190 1521 sunt.
1205 1480 1223 1519 a

135 1536 1003 1624 raum(t.cor.l,26):«1t0nmuhisapientessaeundum
1011 1559 1223 1614 camem,non

137 1625 256 1686 »multi
266 1633 417 1705 potentes,
426 1644 486 1687 non
496 1627 585 1688 multi
593 1629 715 1690 nobiles
725 1628 861 1692 »Christi
875 1626 1102 1707 fidemamplexi
1114 1637 1194 1691 sunt.

172 1709 340 1773 Concludit
356 1713 525 1776 Woolston
540 1716 685 1776 miracula
698 1714 813 1778 Christi
832 1715 866 1775 in
885 1731 978 1776 sensu
993 1714 1158 1791 allegorico
1173 1713 1224 1775 in·

137 1798 306 1878 telligenda
330 1817 414 1872 esse,
438 1802 571 1882 exempli
594 1803 693 1880 gratia
707 1821 715 1861 ι
728 1818 878 1862 caecornm
908 1801 1162 1862 illuminationem
1184 1798 1224 1861 de

136 1885 250 1945 mentis
270 1884 512 1957 illuminatione,
535 1904 602 1965 quae
615 1884 738 1947 Christo
749 1885 909 1947 veritatem
922 1885 1121 1945 annrmtiante
1143 1884 1225 1945 ohti-

137 1968 267 2031 nuisset.
280 1970 406 2032 Ahsona
421 1971 487 2033 haec
500 1972 604 2052 opinio
619 1971 712 2032 etiam
729 1971 869 2051 Spinosae
886 1968 1005 2039 arrisit,
1019 1969 1100 2048 quod
1119 1971 1224 2032 Patres

136 2054 296 2125 nonnulli,
307 2058 477 2134 presertim
488 2057 655 2136 Origenes,
666 2056 755 2136 plura
766 2073 805 2116 ex
821 2055 976 2135 Scriptura
986 2071 1072 2115 sacra
1085 2055 1118 2116 in
1133 2072 1223 2117 sensu

117 2138 303 2225 ‘allegorico
318 2151 482 2220 exponunt.

174 2225 287 2286 iliram
303 2235 362 2298 est,
377 2229 459 2307 quod
479 2230 631 2292 increduli
650 2247 685 2291 ac
704 2232 837 2301 Deistae,
857 2229 910 2306 qni
927 2235 1027 2287 tamen
1049 2225 1222 2308 philosophi

139 2310 239 2372 audiri
260 2314 381 2385 volunt,
399 2333 462 2375 non
483 2316 655 2389 attendant,
669 2316 808 2378 homines
828 2313 963 2396 practico
980 2315 1057 2376 tales
1073 2331 1134 2375 non
1155 2329 1222 2374 esse

138 2396 244 2474 quales
257 2414 324 2460 esse
342 2399 507 2474 deberent3
527 2403 633 2481 utique
652 2403 679 2464 si
700 2420 806 2465 omnes
824 2402 964 2463 homines
976 2402 1009 2462 in
1022 2401 1107 2481 praxi
1121 2408 1223 2461 essent

137 2483 276 2545 veritatis
288 2494 436 2558 amantes,
447 2505 563 2549 severae
573 2489 694 2550 vinulis
704 2490 847 2558 studiosi,
860 2489 1047 2565 voluptatum
1059 2502 1177 2555 osores,
1191 2493 1224 2545 et

137 2575 262 2630 aeoemae
283 2588 344 2632 suae
364 2572 454 2633 saluti
474 2574 594 2642 devoti,
614 2591 736 2644 omnes,
757 2572 1049 2650 praesertimJudaeI,
1071 2571 1111 2631 ah
1132 2571 1222 2631 initio

137 2652 255 2717 Christi
276 2657 459 2733 religionem
485 2658 629 2734 amplecti
654 2656 847 2726 debuissent3
872 2665 904 2716 at
927 2657 1057 2715 maxima
1079 2672 1148 2734 pars
1166 2656 1222 2715 ho-

135 2738 257 2800 minum
276 2740 347 2800 talis
360 2741 494 2816 practice
504 2756 567 2799 non
586 2739 699 2799 existit.
713 2741 746 2800 si
760 2740 793 2799 id
804 2756 910 2800 verum
923 2747 970 2799 est
990 2738 1029 2799 de
1049 2738 1224 2801 hominibus

134 2826 313 2907 generatim
334 2827 474 2904 sumptis,
499 2825 595 2885 multo
615 2827 713 2904 magis
733 2826 793 2886 hoc
815 2842 924 2888 verum
948 2834 995 2887 est
1026 2825 1066 2886 da
1090 2825 1222 2896 iudaeis,

135 2926 245 2972 eorum
269 2911 494 2982 sacerdotibus,
520 2928 555 2972 ac
574 2910 734 2973 Pharisaeh
757 2929 823 2973 aevo
845 2912 959 2975 Christi
994 2920 1026 2975 et
1060 2913 1224 2994 Apostolo-

134 3014 204 3059 mm
212 2999 422 3071 existentibus,
434 2999 645 3071 denobilihus,
657 3000 832 3080 potentibus
841 3016 876 3061 ac
889 2999 1077 3078 philosophis
1086 3001 1221 3079 paganis

134 3083 367 3161 Quothomines
376 3085 476 3147 adhuc
486 3085 578 3146 modo
586 3086 1071 3165 importunamamantveritatem,
1080 3086 1222 3163 illosque,

135 3171 191 3250 qni
203 3172 288 3232 illam
301 3173 469 3252 praedicant
481 3191 516 3235 ac
524 3174 696 3235 inculcant?
705 3174 788 3250 Quot
797 3173 889 3233 modo
900 3173 1064 3233 observant
1072 3190 1141 3250 quae
1149 3173 1223 3233 rell-

134 3257 206 3339 gio,
218 3276 308 3336 quam
319 3259 514 3338 profitentur,
529 3259 718 3340 praescribiti
732 3261 782 3321 An
794 3259 893 3320 adhuc
910 3259 1049 3337 plerIque
1066 3256 1223 3320 hominurn

134 3342 370 3423 unulndulgent
379 3346 481 3417 vitiis,
491 3346 567 3407 licet
575 3346 685 3425 religio
701 3344 1093 3423 eaproscrihattCaetcrum
1102 3343 1222 3423 Religio

133 3424 295 3493 (htholica
314 3431 405 3491 docet
422 3429 513 3493 iidem
531 3449 598 3494 esse
613 3432 727 3492 donum
747 3430 822 3501 Dei3
839 3429 972 3510 proinde
994 3429 1033 3490 ad
1049 3427 1223 3509 pellendum

134 3512 250 3575 ntis
261 3516 444 3588 eaecitatem,
459 3517 620 3596 cordisque
630 3517 871 3596 corruptionem,
883 3523 996 3597 praeter
1004 3522 1160 3577 externam
1167 3531 1223 3575 an·

134 3599 361 3661 undationem
372 3603 534 3682 religionis
544 3605 709 3682 requiritur
717 3603 814 3682 gratia
825 3603 884 3664 Dei
897 3601 1036 3663 interior.

172 3682 320 3748 massar
340 3687 454 3750 Christi
477 3688 622 3750 miracula
642 3705 806 3766 numquam
834 3695 995 3766 negarrmt.
1013 3684 1220 3747 Adaei-uerunt

134 3770 284 3849 equidem
297 3773 455 3833 neminem
467 3775 559 3835 esuis
579 3782 611 3834 et
629 3790 668 3834 ex
685 3772 875 3852 principibus
887 3780 952 3832 tum
965 3769 1221 3850 temporischris·

134 3864 442 3930 tnmsecutumcss03
461 3866 493 3920 at
503 3876 565 3920 non
573 3859 717 3921 dixerunt
734 3857 801 3936 ejus
810 3875 903 3938 opera
915 3858 1021 3919 divina
1029 3874 1065 3919 ac
1076 3855 1221 3918 miracula

166 3989 315 4045 ¹Vinolston
329 3995 552 4044 Commentationes
565 3996 597 4044 de
612 3994 739 4045 miraculis
749 3993 840 4043 Christi
854 3992 958 4042 Londinl
971 3992 1041 4041 llis.
1056 3994 1137 4041 linme
1146 3992 1217 4040 eona·

133 4072 197 4114 ιιι
205 4066 299 4115 monle
307 4066 334 4116 et
343 4066 474 4129 politicum
485 4066 513 4116 Ρ.
522 4064 587 4128 2‚de
601 4063 734 4116 nhaculls.
745 4065 885 4124 nousmon,
900 4064 996 4112 lettres
1005 4063 1037 4112 de
1050 4062 1073 4112 la
1084 4062 1220 4124 Montagne.
