2708 4846
225 445 271 495 ‘³¹2
541 454 585 501 ne
603 453 721 501 rexru
738 452 780 498 er
794 441 1039 496 vensronrnus

450 556 467 624 s
482 558 546 605 xvi.
558 580 588 592 -
597 557 765 605 liereneiones
778 551 904 602 versionis
913 547 1101 597 Alexandrinos.

263 678 335 732 etit).
348 675 493 737 Omnium
504 672 746 754 apographorum
756 678 837 733 sorte
843 670 957 732 dudum
967 677 1041 730 ante
1051 667 1209 731 christum
1217 676 1298 730 natm

225 761 259 821 in
271 760 427 821 celebrem
439 758 518 819 hanc
531 758 705 819 versionem
726 757 811 818 varia
829 754 959 826 menda,
981 754 1133 832 equidem
1150 753 1231 816 haud
1246 757 1300 817 sut

226 847 393 918 stantialia,
408 847 608 926 irrepserant,
627 862 696 924 qua·
709 843 978 923 postmodumcum
995 840 1063 919 ejus
1079 842 1300 920 exemplariain

226 951 313 994 usum
334 933 508 994 iudaeorum
529 950 564 993 ac
587 932 830 996 Christianorum
854 929 1022 1008 saepissime
1047 929 1299 1001 describerentur,

227 1029 314 1082 aucta
329 1030 408 1082 sunt.
420 1019 491 1098 Ejus
504 1019 702 1098 chronologia
719 1018 752 1077 in
772 1017 887 1096 epocha
902 1015 1118 1095 generationis
1130 1016 1300 1079 Patriarcha-

226 1123 295 1166 rum
306 1113 447 1185 corrupta
463 1105 533 1177 tuit,
549 1104 715 1182 etquidem
727 1112 761 1164 ut
775 1102 899 1163 videtur
910 1109 981 1162 ante
995 1100 1115 1164 Christi
1129 1102 1301 1164 nativitaten

228 1189 325 1271 (cont.
337 1210 368 1253 u.
383 1192 466 1267 lot).
481 1193 634 1267 Tempore
652 1188 796 1268 Origenis
809 1186 910 1248 Judaei
926 1185 1114 1248 Christianis
1133 1188 1301 1268 Scriptum

227 1294 342 1338 sacram
352 1276 438 1355 juxta
450 1277 529 1337 LXX
542 1278 728 1353 interpretes
745 1274 779 1334 iu
801 1270 1018 1334 controversiis
1030 1271 1249 1352 arlleganiibus
1260 1292 1301 1337 ex·

228 1365 401 1441 ceptionem
419 1362 589 1432 iaciebant,
607 1362 791 1439 aiebantque
815 1360 990 1420 versionem
1012 1358 1254 1421 Alexandrinam
1270 1361 1301 1423 sb

227 1448 372 1509 hebraico
385 1457 470 1507 textu
482 1448 664 1517 dissentire,
679 1448 712 1506 in
723 1447 792 1508 aliis
802 1445 973 1515 abundare,
986 1452 1019 1505 et
1031 1445 1065 1504 in
1080 1445 1153 1506 aliis
1163 1463 1228 1509 esse
1236 1465 1302 1510 manv

227 1551 305 1596 cam.
318 1536 419 1610 Quare
429 1535 581 1612 Origenes
592 1533 702 1594 saeculo
714 1535 805 1594 tcrtio
816 1533 899 1592 illam
913 1531 1147 1610 plurimisinter
1158 1551 1192 1595 se
1203 1537 1302 1601 collatis

228 1621 452 1699 exemplaribus
474 1619 626 1692 correxit,
650 1627 742 1697 atque
766 1619 974 1681 additamenta
994 1617 1107 1691 obelo,
1127 1627 1162 1680 et
1183 1620 1301 1684 deiectu

229 1708 372 1767 asterisco
384 1707 511 1767 notavit.

265 1793 413 1856 Successu
423 1802 524 1854 autem
537 1793 682 1873 temporis
694 1791 760 1853 haec
768 1792 869 1872 signa,
883 1790 922 1850 ab
934 1790 1073 1869 Origene
1085 1795 1225 1872 apposite
1233 1813 1302 1866 ‚nn-

228 1879 755 1951 tata,ettandemomissatuer1mt;
769 1879 842 1939 hinc
859 1877 973 1938 malum
983 1884 1123 1955 auctumss,
1138 1887 1172 1942 et
1183 1885 1301 1944 contrusio

229 1964 263 2024 in
274 1965 455 2026 recensione
467 1966 610 2044 Origenis
622 1971 688 2025 orta
701 1970 758 2025 est.

265 2051 415 2113 Lucienus
435 2052 580 2113 Ecclesiae
594 2051 795 2112 Antiochense
816 2050 995 2128 presbyter,
1009 2051 1063 2128 qui
1081 2067 1165 2113 anno
1179 2054 1229 2114 dil
1245 2072 1303 2118 aera

230 2136 363 2214 uulgaris
383 2147 498 2216 martyr
519 2138 677 2208 occubuit,
698 2137 910 2198 recensionem
922 2137 1090 2198 secundam
1104 2142 1253 2205 versionis
1270 2146 1304 2205 ll-

230 2222 420 2284 lexandrinae
437 2226 583 2296 institnit,
609 2242 735 2301 eamque
752 2225 836 2302 juxta
848 2231 965 2283 tentum
977 2222 1143 2286 bebraeum
1159 2230 1289 2307 perfecit

266 2306 355 2370 Circa
367 2308 457 2374 ruem
469 2311 572 2370 sacculi
586 2311 724 2371 tertiivcl
734 2311 856 2370 initium
864 2311 963 2389 quarti
974 2312 1153 2389 Hesychius
1162 2317 1306 2396 episcopus

201 2457 204 2464 ,
230 2399 262 2451 ct
274 2400 389 2471 martyr
404 2394 552 2471 aegyptius
569 2394 660 2453 aliam
677 2397 890 2457 recensionem
901 2397 1052 2458 versionis
1064 2400 1149 2461 LXX
1167 2404 1306 2483 lnierpre

230 2484 294 2537 tum
307 2478 474 2537 exornavit.
488 2478 555 2537 Nou
569 2485 686 2538 constat
699 2486 800 2538 utrum
813 2498 897 2541 suam
909 2483 1127 2544 recensionem
1142 2484 1229 2562 juxta
1239 2488 1307 2548 anti·

230 2579 305 2640 qnos
317 2561 439 2622 codices
448 2563 598 2624 versionis
610 2562 844 2639 Alexandrinae,
863 2574 915 2626 aut
928 2565 1014 2644 juxta
1025 2574 1148 2630 textum
1164 2571 1306 2634 hebreos

231 2648 465 2709 elucubraverit.

266 2735 312 2795 Es
331 2734 428 2795 tribus
447 2734 532 2795 hisce
553 2737 784 2799 recensionibus
804 2755 909 2799 omncs
929 2738 1055 2802 codices
1072 2745 1307 2826 manuscripdet

232 2819 382 2882 editiones
394 2820 488 2900 praelo
502 2821 647 2882 conlectae
657 2824 738 2882 LXX
751 2825 955 2903 interpretum
967 2825 1164 2891 descendunt
1176 2834 1201 2890 ².

462 2952 480 3021 8
489 2957 564 3006 xvii.
574 2981 606 2994 -
615 2957 753 3008 Auctoritas
762 2960 883 3010 versionis
893 2963 1077 3015 ttemndriuae.

268 3074 340 3129 istil.
351 3073 461 3134 Versio
475 3074 581 3137 isthaec
593 3076 708 3138 Judaeis
723 3079 902 3141 Hellenistis
912 3081 981 3143 loeo
995 3090 1098 3146 textus
1112 3085 1230 3148 hebraei
1241 3088 1305 3156 iu‘t.

231 3158 311 3237 apud
318 3159 523 3221 aliosiudaeos
532 3161 606 3220 olim
618 3163 780 3223 maximam
792 3167 1130 3243 auctoritatemhabuit,
1145 3174 1306 3235 stersus

229 3243 348 3324 phusee
358 3245 390 3303 in
402 3246 464 3305 suis
473 3246 714 3324 Antiquitatibus
725 3247 902 3311 ludaicisut
912 3258 998 3312 testu
1006 3254 1171 3332 primitivo
1183 3277 1251 3321 usus
1261 3265 1304 3321 eti.

260 3365 388 3416 ‘Poliones
398 3367 520 3417 editiones
530 3369 657 3418 versionis
666 3371 729 3418 lxx
740 3372 906 3433 interpretum
915 3376 974 3423 sunt
985 3376 1010 3423 i·
1018 3376 1207 3440 Complutum,
1216 3383 1242 3432 1„
1249 3383 1305 3442 puy.

229 3436 314 3497 glottis
324 3438 412 3483 extans
424 3434 467 3498 (n.
479 3437 533 3496 tul,
548 3439 628 3499 not.);
639 3440 666 3487 2⁰
677 3439 777 3500 Aldina,
788 3442 909 3503 venetiis,
928 3444 1004 3504 ibi83
1015 3447 1166 3498 5⁸1tomana
1180 3453 1211 3499 ad
1227 3451 1305 3501 codiee

229 3502 327 3565 vatic„
336 3505 419 3551 homae
431 3516 505 3564 opera
516 3506 585 3552 eard.
596 3508 687 3555 careda
698 3510 744 3556 sub
755 3509 825 3557 Sixto
837 3511 856 3555 V
868 3510 993 3570 coniectu
1003 3512 1031 3559 it·
1045 3514 1132 3564 Editio
1142 3519 1264 3570 hunberti
1272 3519 1304 3566 lor

229 3584 286 3620 eum
297 3573 445 3621 lectionibus
455 3573 623 3635 variantibus,
633 3576 809 3638 Franequerae,
820 3579 893 3639 {7093
903 3581 929 3627 5⁰
937 3581 1023 3629 Grabli
1034 3583 1066 3631 ed
1077 3585 1161 3635 codic,
1174 3589 1244 3638 grex,
1252 3585 1305 3636 ym-

229 3641 274 3703 203
285 3642 311 3690 6·
320 3641 516 3701 Brettingeriane
532 3655 588 3690 cum
603 3643 681 3705 siguis
696 3645 887 3708 hexaplnribus,
900 3649 1014 3699 liiii-32.
1025 3652 1055 3699 lrr
1065 3652 1140 3703 bisce
1153 3655 1304 3719 aliisqueedi·

229 3710 339 3757 tionibus
349 3711 430 3758 versio
441 3711 578 3770 prophetiae
588 3713 699 3760 Danielis
711 3713 839 3775 desumpta
851 3718 889 3765 cst
900 3730 933 3765 ex
943 3720 1060 3770 versione
1070 3722 1261 3776 'rhemum

261 3778 346 3826 versio
354 3778 519 3826 Alexandrina
528 3780 638 3829 Danielis
646 3776 755 3841 primum
766 3783 832 3843 typis
841 3785 954 3834 mandata
964 3787 1014 3835 tuit
1023 3790 1111 3840 homes
1121 3795 1198 3856 1772,
1205 3794 1305 3854 jurae

229 3844 310 3894 dlrcrn
321 3848 390 3896 (iord.
402 3847 486 3908 effigi,
497 3848 540 3908 qui
553 3850 617 3896 ultra
628 3853 683 3898 octo
693 3853 782 3898 saeeula
793 3854 949 3912 antiquitatis
959 3855 1046 3907 habet.

261 3916 356 3975 militet
368 3917 450 3965 lertio
461 3918 524 3964 LXX
537 3918 702 3979 lntsrpretum
711 3932 775 3967 nova
789 3923 934 3978 recensione
945 3925 1049 3988 critico,
1062 3930 1106 3978 cui
1116 3931 1147 3978 Ι).
1161 3928 1304 3982 liolmered·

231 3982 417 4101 ffipqlquoquot
430 3986 456 4034 in
468 3988 563 4048 Europe
577 3990 664 4036 extant
675 3987 804 4040 codicibus
815 3993 991 4055 manuscriptis
1000 3999 1086 4048 nostro
1097 4001 1212 4065 tempore
1221 4012 1303 4069 opert·
