2708 4846
387 463 570 516 LIBRORUH
590 464 786 517 SACRORUli.
1093 472 1124 521 m

113 552 240 626 abilam,
250 554 437 619 substituisse
448 559 535 621 alteri
543 554 789 640 ritui'antiquiori
799 575 835 624 ae
842 558 950 636 noxio,
959 576 1000 625 ne
1009 563 1121 640 Judaei,

117 641 235 703 similes
253 643 328 703 ritus
349 644 429 723 apud
442 647 606 726 AEgyptios
621 648 827 711 verisimiliter
842 649 998 723 viderant,
1014 668 1124 714 necem

112 736 252 791 cetarum
263 727 423 809 conjugum
430 732 618 795 molirentur.
629 735 740 795 Notum
749 738 947 816 est,populos
959 737 1123 802 orientales

112 818 283 878 notissimis
291 819 473 896 temporibus
484 821 712 898 probationibus
721 822 980 896 extraordinariis,
991 840 1122 885 commu-

112 904 212 983 rlerrt’
223 906 385 976 condentis,
408 914 439 966 et
458 925 541 984 orsum
552 907 725 979 ebullientes,
738 910 778 970 ad
792 909 964 987 detegenda
978 911 1120 984 crimina,

112 992 184 1052 uia
203 992 358 1053 ordinaria
377 994 539 1070 comperiri
563 995 643 1056 haud
663 1001 819 1073 poterant,
840 1014 910 1057 usos
933 1012 1009 1057 esse.
1029 998 1121 1078 Apud

112 1094 169 1140 taes
190 1078 291 1139 adhue
313 1081 431 1141 mitatae
450 1088 536 1153 sunt,
557 1088 589 1142 et
609 1080 729 1142 saeculis
747 1082 927 1160 ignorantia
949 1083 982 1144 in
1002 1084 1121 1166 Europa

111 1162 356 1239 lnrcviguerunt.

111 1247 205 1307 terim
214 1245 423 1325 jusjurandum
433 1244 596 1309 mosaicum
609 1248 746 1310 medium
756 1249 944 1327 aptissimum
960 1257 1025 1311 erat
1036 1251 1067 1311 l⁰
1079 1253 1120 1315 ad

112 1340 217 1394 torum
234 1335 416 1413 zelotypiam
435 1334 657 1414 depellendam,
672 1334 704 1395 2⁰
718 1333 756 1396 ad
767 1333 955 1396 clandestina
970 1336 1120 1402 adulteria

111 1419 256 1491 cavenda,
268 1420 299 1478 5⁰
313 1420 351 1480 ad
365 1420 490 1499 repudia
506 1419 719 1492 diminuenda,
733 1419 765 1478 11⁰
783 1419 822 1481 ad
839 1420 988 1483 adulteria
1003 1425 1120 1487 occulta

111 1506 229 1587 genda3
241 1514 285 1566 tot
302 1509 384 1567 enim
400 1504 541 1568 terrificis
553 1508 727 1568 comitatum
743 1515 809 1570 erat
822 1508 1070 1586 circumstantiis,
1086 1520 1120 1575 ut

115 1593 180 1655 nisi
197 1594 349 1671 perfrictae
359 1595 481 1656 omnino
492 1594 599 1656 frontis
610 1601 703 1667 esset,
717 1594 795 1656 illud
809 1603 952 1676 praestare
961 1596 1042 1659 baud
1052 1616 1119 1676 pos·

111 1682 187 1761 quin
196 1683 313 1743 crimen
326 1700 412 1741 suum
424 1681 592 1761 detegeret.

111 1764 470 1843 tetamenjusjurandum
488 1764 618 1835 maritis,
631 1778 667 1823 ac
684 1763 829 1823 uxoribus
841 1764 934 1822 ctiam
945 1764 1118 1826 innocenti·

111 1851 380 1921 'molestissimum
393 1867 454 1911 non
466 1849 641 1926 frequenter
652 1849 819 1926 expetitmn
834 1848 1119 1913 videtur.Tha1mu-

121 1936 258 1997 reiorum
273 1937 378 2012 (Sota,
389 1935 457 2010 cll)
468 1935 532 2009 hoc:
538 1933 742 2010 juramentum
751 1934 790 1994 lt)
804 1933 891 1993 annis
902 1940 973 1994 ante
985 1937 1118 1998 eversio

110 2072 113 2081 .
140 2021 420 2100 Hierosolymorum
440 2023 616 2098 abrogatam
638 2018 747 2092 luisse,
772 2018 893 2097 eoquod
914 2020 973 2080 viri
998 2022 1056 2100 ipsi
1083 2042 1117 2089 so

110 2108 193 2170 aeriis
210 2110 467 2180 contaminarent,
483 2109 624 2184 Deosque
637 2105 719 2167 dicto
734 2105 807 2165 ritui
828 2122 912 2166 suam
934 2105 1115 2185 efficaciam,

111 2197 282 2266 tribueret,
298 2197 323 2255 si
343 2195 445 2256 mariti
462 2191 597 2274 ejusdem
617 2208 652 2254 ac
671 2210 779 2255 uxores
797 2192 934 2255 criminis
952 2195 998 2258 rei
1015 2204 1116 2261 essem

110 2282 141 2349 ti.
154 2282 264 2346 matth.
279 2283 314 2355 8,
326 2281 404 2359 aa).

156 2416 293 2488 §xxiiii
305 2445 334 2457 -
344 2422 381 2470 Dc
390 2419 539 2483 Polyeynia,
548 2430 594 2469 sou
603 2416 787 2482 Polypynaecia,
796 2417 840 2469 aul
847 2417 997 2482 Polygomla.

111 2539 1114 2626 ‚objitfoysestlleutlzll)futurisHebraeorumregibuspolyga-

110 2632 302 2711 uper-mittin
313 2629 450 2690 eiscnlm
458 2628 610 2689 dumtaxat
622 2626 764 2704 prohibet
774 2644 814 2685 no
825 2626 970 2705 plurimas
981 2627 1114 2711 habeant

110 2734 185 2778 estu
198 2718 265 2777 Non
274 2715 418 2785 habebit,
429 2714 528 2791 inquit
536 2758 544 2784 ,
553 2729 609 2773 rex
615 2728 724 2772 uxores
733 2711 892 2790 plurimas,
902 2729 970 2789 quae
979 2713 1114 2777 alliciant

109 2819 197 2863 muln
208 2801 283 2879 ejus.
302 2821 318 2857 u
331 2802 377 2861 De
389 2799 561 2869 Abrabam,
574 2797 689 2867 Jacob,
703 2796 1114 2878 aliisquePatriarchispoly-

109 2888 147 2963 is,
163 2897 316 2965 tamquam
334 2887 374 2948 de
393 2886 504 2946 sanetis
520 2884 669 2961 loquitur3
686 2882 761 2943 hinc
776 2882 874 2944 David
889 2883 992 2961 plures
1006 2885 1113 2951 babuit

110 2992 162 3049 es,
175 2983 208 3036 et
217 2974 359 3036 Salomon
371 2972 445 3032 aluit
456 2971 511 3030 700
522 2971 666 3029 mulieres
683 2969 812 3047 reptatas,
823 2975 855 3029 et
869 2970 924 3030 500
942 2972 1112 3037 concubantes

112 3064 191 3141 Reg.
204 3063 237 3122 ll
248 3106 257 3133 ,
267 3061 285 3119 5
296 3061 317 3136 ).
331 3062 380 3121 An
392 3058 460 3118 haec
469 3073 537 3117 omn
547 3056 683 3125 ratione,
695 3072 764 3115 cum
775 3055 853 3114 Gon.
866 3054 902 3127 2,
914 3055 967 3128 m,
988 3073 1025 3118 ao
1042 3075 1111 3121 curn

109 3146 298 3209 rieaCbristi
309 3144 432 3222 (blatth.
447 3142 496 3212 ll),
508 3140 575 3200 5-ll
586 3140 597 3215 )
609 3139 811 3199 conveniunt?

109 3250 158 3315 up.
174 3230 354 3311 Cenjmrctio
369 3226 587 3290 indissolubilis
600 3224 756 3285 uniusviri
773 3238 908 3285 eumuna
924 3240 1033 3297 uxore,
1048 3230 1111 3307 pri.

109 3319 275 3398 aconjngii
292 3317 478 3377 institutione
490 3314 588 3392 (Gen.
602 3312 636 3384 2,
648 3311 685 3371 it
697 3311 709 3388 )
723 3318 756 3372 et
773 3312 915 3390 praesenti
924 3310 992 3389 jure
1005 3313 1110 3376 divino

109 3407 159 3471 ab.
175 3406 231 3478 le,
252 3404 321 3480 00)
345 3401 487 3480 jubetur,
510 3416 636 3477 eamque
667 3398 775 3460 suadet
794 3399 905 3478 triplex
925 3400 1110 3462 matrimonii

109 3496 163 3577 (n.
174 3493 231 3568 bl)
243 3510 250 3550 :
261 3492 294 3551 in
312 3488 477 3569 polygynia
487 3488 568 3547 enim
579 3482 757 3554 simultapea
768 3485 925 3563 generatio
939 3487 1034 3564 prolis
1047 3504 1109 3550 non

109 3587 232 3645 emet
243 3577 276 3636 in
291 3574 499 3653 monogamia,
515 3589 584 3633 cum
601 3570 778 3633 concubitus
791 3589 860 3632 cum
881 3573 1031 3651 pluribus,
1049 3574 1109 3634 nisi

108 3657 1109 3731 anteradmodummodcretur,viresenervet;neestimulusveno-

109 3751 313 3825 diminuitur,
331 3765 413 3818 eum,
433 3747 491 3807 nisi
507 3761 620 3807 summa
632 3744 810 3806 adhibeatur
823 3744 956 3813 cautela,
970 3759 988 3804 e
1003 3751 1108 3808 contra

108 3828 189 3933 *lin
199 3836 405 3901 mmttlantimn
414 3832 575 3895 mulierum
586 3838 747 3892 exacuetur
755 3850 763 3901 ;
777 3848 835 3892 nec
846 3831 931 3892 adest
941 3828 1107 3907 perlectum

108 3908 367 4015 *Uictoriam
378 3939 447 3985 cum
454 3919 502 3981 uir
512 3920 593 3980 inter
601 3917 703 3996 plures
714 3918 857 3977 mulieres
867 3914 980 3977 divisus
988 3915 1039 3988 sit3
1047 3933 1105 3982 nec

133 4020 138 4031 '
213 4009 381 4090 conjugalis
393 4008 473 4069 inter
482 4004 624 4085 conjuges
636 4011 682 4064 est
697 4002 834 4081 aequalis,
847 4017 916 4063 cum
924 4001 1048 4065 maritus
1056 4002 1105 4081 jus

108 4172 111 4177 ,
132 4090 138 4097 ’
216 4097 372 4174 tneorpus
391 4091 564 4173 compartis,
584 4090 652 4158 baee
664 4098 764 4160 autem
776 4087 852 4150 illud
873 4086 906 4151 in
922 4104 1029 4171 eorpus
1044 4092 1104 4156 viri
