2708 4846
237 456 269 522 es
636 470 681 517 nr
703 469 912 518 nrvrntrsre

238 585 255 624 r>
267 564 340 625 latet
353 564 547 637 adulterium,
563 570 595 626 ct
605 565 733 626 testibus
751 564 837 640 argui
847 566 1036 641 nonpotest‚
1050 561 1197 638 quianon
1210 567 1256 622 est
1266 564 1307 623 tn·
1338 590 1347 619 ι

239 667 255 711 u
267 657 358 711 venta
368 651 401 711 in
412 659 513 730 stupro
521 671 530 723 ;
544 652 569 713 si
580 653 704 730 spiritus
716 651 873 729 zelotypiae
887 648 1086 709 concitaverit
1096 647 1198 708 virum
1208 656 1307 710 conus

238 754 389 798 aurorem
405 756 504 810 suam,
518 755 586 816 quae
597 739 647 799 vel
659 737 773 814 polluta
789 744 848 807 est,
861 736 912 796 vel
923 736 996 797 falsa
1012 735 1186 814 suspicione
1199 736 1307 815 appeti

238 842 253 880 a
264 829 323 894 tur,
335 823 465 885 adducet
476 841 543 886 eam
555 823 594 884 ad
604 823 803 894 sacerdotem,
818 822 964 882 etollerct
978 822 1165 881 oblationem
1174 837 1233 901 pro
1242 820 1304 893 illa,
1348 832 1350 873 i

237 928 253 965 n
266 908 416 969 decimam
429 911 611 990 partemsati
622 911 725 970 larinrc
738 908 919 969 hordeaceae
932 905 1016 967 :non
1028 905 1134 967 fundet
1146 923 1239 989 super
1247 923 1305 969 eata
1344 876 1350 993 1

236 996 379 1068 roleum,
393 1013 451 1058 nec
475 999 611 1076 imponet
630 997 700 1058 thus
712 996 802 1073 :qula
825 993 1005 1056 sacrificium
1021 994 1183 1074 zelotypiae
1199 1000 1262 1067 est,
1279 999 1305 1056 et

235 1099 252 1137 a
264 1081 376 1142 oblatio
390 1083 574 1160 investigans
593 1083 785 1143 adulterium.
798 1081 914 1143 Olleret
927 1080 1019 1158 igitur
1029 1096 1096 1139 eam
1112 1080 1306 1152 sacerdos‚et

235 1174 375 1229 »statuet
388 1185 490 1229 eoram
500 1170 646 1241 Domino,
659 1174 850 1244 assumetque
861 1183 967 1242 aquam
977 1173 1110 1227 sanctam
1122 1168 1156 1226 in
1166 1183 1239 1228 vase
1258 1165 1305 1228 lie·

235 1253 325 1326 otili,
339 1259 370 1315 et
378 1255 543 1333 pauxillum
552 1260 640 1316 terrae
649 1254 688 1316 de
697 1254 869 1332 pavimento
879 1251 1065 1313 tabernaculi
1075 1252 1180 1313 mittet
1188 1253 1223 1313 in
1234 1268 1303 1313 eam

235 1339 400 1418 »Cumque
425 1342 544 1402 steterit
569 1341 680 1401 mulier
698 1341 732 1400 in
754 1345 919 1418 conspectu
937 1338 1079 1410 Domini,
1106 1338 1305 1419 discooperiet

234 1434 352 1502 »caput
372 1426 449 1506 ejus,
463 1436 495 1489 et
507 1434 601 1507 ponet
613 1444 706 1506 super
721 1444 827 1487 manus
838 1425 918 1485 illius
933 1422 1113 1485 sacrificium
1127 1426 1306 1488 recordatio·

234 1523 251 1563 r>
264 1507 325 1580 nis,
339 1515 371 1569 et
379 1510 564 1571 oblationem
574 1510 734 1587 zelotypiae
747 1527 755 1569 z
768 1510 833 1588 ipse
845 1513 945 1568 autem
959 1506 1078 1567 tenebit
1090 1510 1306 1585 aquasmaris·

233 1612 251 1650 n
263 1594 369 1668 simas,
382 1597 533 1676 inquibus
546 1615 615 1659 cum
628 1597 821 1658 execratione
831 1595 994 1655 maledicta
1003 1595 1165 1673 congessit.
1184 1596 1305 1674 Adjurs·

233 1677 369 1759 obitque
380 1699 463 1756 eam,
476 1691 507 1745 et
519 1684 602 1745 dicet
615 1702 623 1742 ε
637 1683 669 1743 Si
682 1700 743 1742 non
752 1681 896 1742 dormivit
905 1680 955 1741 vir
971 1680 1088 1741 alicnus
1103 1687 1225 1756 tecum,
1243 1681 1305 1745 etsi

232 1768 445 1848 nnonpolluta
457 1786 490 1833 cs
500 1769 621 1831 deserto
633 1769 734 1830 mariti
743 1766 847 1839 thero,
860 1783 923 1826 non
934 1773 965 1825 te
975 1767 1131 1827 nocebrmt
1148 1785 1236 1846 aquae
1246 1770 1305 1830 isra

232 1857 468 1932 tenuissime,
480 1860 513 1921 in
524 1877 596 1938 quas
606 1858 767 1919 maledicta
777 1855 927 1936 congessi.
941 1855 995 1915 Sin
1007 1860 1107 1915 autem
1121 1854 1305 1919 declinastis

232 1958 250 1998 r>
261 1942 328 2003 viro
340 1951 406 2016 tuo,
420 1955 509 2025 atque
521 1947 636 2026 polluta
657 1963 702 2017 cs,
718 1950 749 2004 et
761 1942 952 2005 concubuisti
965 1959 1033 2001 cum
1055 1940 1151 2001 altero
1161 1943 1246 2015 viro,
1263 1942 1305 2004 bis

232 2031 249 2083 >t
261 2029 525 2109 maledictionibus
535 2031 707 2107 subjacebis
719 2050 727 2087 ε
740 2030 800 2091 Det
811 2037 843 2088 te
853 2027 998 2087 Dominus
1006 2027 1039 2087 in
1047 2027 1304 2100 maledictionem,

232 2114 497 2194 »exemplumque
512 2125 688 2178 cunctorum
705 2116 738 2173 in
759 2114 871 2192 populo
889 2116 1088 2191 :putrescere
1107 2113 1201 2175 iaciat
1215 2115 1305 2176 lemur

232 2204 359 2269 atnam,
383 2208 414 2260 et
434 2209 553 2262 tumens
572 2208 676 2261 utcrrrs
688 2207 755 2258 tuus
774 2199 984 2277 disrumpatur.
997 2198 1212 2276 Ingrediantur
1225 2216 1305 2280 aqua

233 2299 250 2336 a
262 2283 433 2344 maledictae
451 2287 483 2345 in
504 2294 643 2347 ventrem
664 2292 765 2356 tuum,
790 2293 822 2344 ct
841 2292 929 2344 utero
951 2291 1138 2345 tumescente
1157 2294 1305 2364 putrescat

234 2385 250 2423 a
261 2366 368 2428 lemur.
379 2372 419 2431 Et
427 2372 624 2451 respondebit
632 2371 743 2431 mulier
754 2390 762 2428 ε
773 2371 883 2441 Amen,
900 2387 999 2431 amen.
1016 2370 1199 2448 scribetque
1210 2390 1305 2436 sacer·

231 2469 250 2508 a
262 2451 317 2515 dos
327 2455 360 2515 in
370 2456 475 2518 libello
487 2459 544 2517 ista
554 2457 732 2529 maledicta,
743 2464 773 2517 ct
784 2456 900 2517 delebit
910 2473 946 2517 ea
959 2456 1045 2533 aquis
1057 2457 1266 2532 amarissimis,
1276 2461 1305 2520 in

233 2555 250 2595 r
261 2555 334 2616 quas
346 2544 508 2605 maledicta
523 2544 692 2622 congessit,
705 2551 736 2602 et
748 2543 832 2603 dabit
841 2544 871 2603 ei
886 2543 1005 2602 bibere.
1018 2542 1100 2617 Quas
1115 2561 1186 2605 etun
1202 2545 1306 2605 exbau

197 2627 202 2634 '
233 2625 447 2699 »scrittollet
457 2628 597 2691 sacerdos
608 2629 647 2688 de
657 2646 749 2688 manu
758 2625 1009 2705 ejussacrilieium
1018 2626 1238 2705 zelotypiae,et
1248 2630 1307 2691 ele·

234 2714 347 2774 ›rvabit
360 2716 436 2777 illud
452 2733 553 2778 coram
563 2717 712 2787 Domino,
733 2716 926 2792 imponetque
946 2713 1021 2773 illud
1041 2716 1306 2791 superaltarezita

233 2812 250 2850 a
262 2795 415 2862 dumtaxat
425 2811 459 2862 ut
468 2804 567 2880 prius,
576 2801 723 2880 pugillum
733 2797 873 2860 sacrificii
884 2798 971 2858 tollat
979 2798 1018 2858 de
1028 2814 1064 2857 eo
1077 2799 1157 2876 quod
1170 2800 1304 2873 offertur,

234 2897 250 2936 a
264 2888 294 2941 et
304 2884 446 2947 incendat
454 2903 548 2964 supcr
558 2887 666 2956 altare,
684 2893 715 2945 et
725 2882 943 2961 sicpetumdet
953 2885 1075 2944 mulieri
1085 2902 1178 2962 aquas
1186 2888 1305 2949 amaris·

233 2969 361 3032 asinus.
374 2972 455 3049 Quas
467 2972 676 3043 summiserit,
690 2973 716 3032 si
728 2972 842 3049 polluta
854 2976 916 3041 est,
927 2977 959 3030 et
968 2976 1139 3050 contempto
1150 2975 1219 3034 viro
1227 2972 1305 3035 adul·

233 3056 333 3115 alerii
343 3058 636 3136 rea,pertransibunt
644 3074 711 3119 eam
719 3053 1080 3135 aquaemaledi'ctionis,et
1088 3057 1193 3119 inllato
1203 3066 1304 3120 ventre

234 3155 251 3193 a
263 3151 483 3221 computrescet
499 3144 616 3218 lemur,
647 3146 766 3222 eritque
787 3142 898 3204 mulier
917 3144 952 3202 in
966 3142 1213 3205 maledictionem
1230 3153 1263 3206 et
1275 3146 1304 3206 in

232 3247 248 3279 ι
260 3229 429 3305 exemplum
440 3231 522 3289 omni
533 3231 655 3310 populo.
664 3230 752 3306 Quod
762 3231 789 3289 si
797 3229 912 3308 polluta
923 3245 984 3288 non
994 3227 1100 3300 luerit,
1113 3229 1173 3290 erit
1184 3231 1304 3294 innoxia

233 3321 293 3375 ret
302 3313 523 3375 lacietliberos.
541 3317 600 3376 Ista
613 3323 658 3376 est
670 3315 721 3375 lex
731 3315 898 3392 zelotypiae.
913 3333 929 3368 u

271 3400 338 3479 obj.
359 3399 434 3458 llaec
454 3405 501 3459 est
519 3399 620 3460 inanis
640 3393 835 3468 caeremonia,
856 3400 941 3460 munt
957 3401 1086 3472 Deletae,
1103 3402 1305 3483 abAEgyptlit

232 3489 376 3555 mutuata,
387 3483 425 3543 ad
437 3490 585 3544 terrorem
595 3485 657 3545 reis
674 3485 893 3558 incutiendum,
906 3502 974 3563 quae
988 3493 1100 3548 eventu
1112 3490 1302 3550 sanecaruit.

267 3575 355 3650 desp.
369 3570 510 3630 Fatemur
522 3571 668 3633 miraculo
684 3589 759 3653 opus
772 3572 873 3642 luisse,
885 3579 919 3631 ut
928 3573 1067 3634 terrificae
1079 3577 1144 3636 istae
1156 3576 1305 3639 maledie-

233 3660 333 3722 tiones
348 3675 434 3720 sumn
449 3656 627 3719 sortirentur
643 3657 793 3719 ellectum.
803 3658 1120 3722 bstbuncterribilem
1132 3672 1306 3742 apparatum

233 3744 356 3807 inanem
361 3745 573 3808 caeremoniam
583 3753 695 3806 eventu
707 3745 882 3806 destitutam
892 3763 954 3805 non
965 3747 1067 3820 tuisse,
1080 3749 1186 3810 divina
1193 3750 1305 3830 Moysis

233 3835 336 3895 missio
358 3848 393 3894 ac
421 3831 578 3893 character
603 3831 810 3909 comprobant.
835 3832 979 3895 Proiecto
999 3834 1027 3893 si
1055 3835 1136 3896 istud
1157 3834 1306 3914 jusJuran·

234 3914 306 3978 dm
315 3933 400 3976 suum
414 3914 554 3975 ellectum
562 3921 822 3975 consecutumnon
830 3923 919 3985 esset,
926 3914 1081 3988 adulterae,
1089 3917 1136 3977 illi
1148 3919 1304 3997 subjectae,

235 4010 396 4073 earumque
404 3997 593 4067 seductores,
607 4003 701 4055 tutam
711 3997 824 4073 Moysis
841 3999 1024 4076 religionem
1042 4002 1303 4079 contempsissent.

271 4080 401 4145 Videtur
411 4084 532 4164 Moyses
541 4081 620 4145 bunc
630 4081 737 4156 ritum,
750 4083 849 4170 quoad
856 4084 986 4170 singulas
999 4085 1239 4150 circumstantias
1250 4086 1307 4149 lou
