2708 4846
561 218 567 253 l

215 470 261 519 tte
519 467 565 514 DE
587 464 760 516 SENSIBUS
778 464 821 511 ΕΤ
840 460 994 511 exeeusi

214 569 315 642 patet,
336 559 419 639 quod
442 559 604 640 Propheta
632 557 794 636 aliquando
812 572 935 618 sensum
962 552 1185 615 vaticiniorum
1204 568 1223 612 a
1239 553 1295 612 lieo

214 648 277 710 illis
290 647 504 726 inspiratorum
519 645 601 706 haud
618 644 842 725 intellexerint,
864 641 997 721 proinde
1016 639 1080 700 alia
1100 639 1297 718 cogitaverint

214 750 304 812 quam
316 734 398 794 Deus
406 732 596 792 intendebat.
609 733 707 792 Deum
719 737 820 791 autem
832 729 890 788 boc
904 728 938 787 iu
956 743 1030 788 casu
1043 742 1221 787 sermonem
1232 726 1297 784 Pro·

213 817 315 897 phetae
326 819 381 879 tali
393 819 483 879 modo
496 819 714 886 conformasse,
727 824 762 876 ut
773 822 884 896 praeter
894 829 1033 883 sensuum,
1046 828 1144 889 quem
1155 809 1296 890 Propheta

214 905 247 964 in
258 912 361 966 mente
371 905 521 975 babebat,
537 904 631 964 alium
639 901 850 966 sublimiorem
858 915 980 960 sensum
993 896 1203 977 exprimeret,
1216 911 1295 956 nemo

214 989 333 1053 inficias
344 991 414 1052 ibit.

496 1123 512 1194 5
527 1128 567 1174 iv.
579 1149 609 1162 -
618 1126 657 1173 ite
668 1137 745 1174 sensu
755 1123 860 1186 mystico
869 1132 915 1171 sen
923 1121 1018 1184 typico.

251 1248 325 1304 eie·
337 1249 464 1309 Sensum
476 1247 638 1327 mysticum
647 1244 699 1307 vel
707 1244 844 1324 typicum
856 1259 915 1305 ceu
923 1260 1032 1305 verum
1038 1259 1170 1304 sensum
1178 1243 1297 1323 inserar

213 1331 341 1418 litterali
354 1341 504 1411 tamquam
516 1334 549 1392 in
562 1340 634 1411 typo
646 1349 702 1393 seu
718 1332 851 1410 imagine
870 1329 1053 1408 quandoque
1066 1329 1220 1408 reperiri,
1234 1344 1296 1407 pre-

213 1416 289 1478 bant
300 1418 469 1497 Scriptores
477 1418 555 1477 sacri
564 1418 637 1477 novi
648 1415 785 1477 Foederis
797 1416 850 1493 qui
862 1423 961 1476 textus
969 1414 1088 1476 veteris
1098 1412 1295 1475 Foederisalio

197 1561 201 1570 ,
214 1502 247 1561 in
260 1518 351 1563 sensu
363 1502 402 1562 dc
412 1501 544 1572 Christo,
560 1509 618 1562 etc.
634 1502 788 1580 adlegant.
802 1502 914 1562 Sensus
927 1500 987 1561 iste
998 1501 1153 1578 mysticus
1164 1499 1204 1560 ab
1217 1514 1293 1558 eror-

213 1584 382 1650 bitantibus
400 1587 621 1666 interpretibus
639 1588 770 1648 nimium
788 1595 928 1649 extensus
945 1586 1017 1657 tuin
1037 1602 1137 1663 quare
1156 1583 1294 1663 aliquibus

213 1680 370 1753 suspectus
388 1674 499 1744 nctus,
517 1673 640 1735 taudem
656 1675 842 1736 anonuullis
853 1675 886 1735 in
899 1672 1066 1735 Germania
1085 1672 1221 1752 rejectus
1233 1670 1295 1739 in‘t,

214 1757 395 1839 habitusque
413 1768 461 1821 est
477 1777 532 1841 pro
553 1776 639 1820 mera
650 1759 855 1840 applicatione
868 1759 915 1820 rei
932 1758 1145 1839 praeterlapsae
1160 1757 1201 1821 ad
1215 1757 1295 1819 ιιΙίιιι

215 1850 340 1926 propter
348 1847 531 1927 analogiam,
543 1863 609 1924 quuae
619 1846 701 1907 inter
713 1846 781 1908 illas
790 1845 1020 1906 intercessisset.

251 1935 294 1994 at
304 1952 425 1996 sensum
432 1935 593 2015 mysticum
599 1929 1295 2012 utmeramapplicationempropteranaloqiau

214 2018 322 2082 haberi
334 2039 493 2100 nonposse
511 2020 663 2081 evincitur
686 2020 946 2099 quodScriptores
957 2018 1037 2080 sacri
1050 2020 1130 2080 novi
1154 2016 1293 2084 Foeder'a,

213 2107 382 2183 praesertim
404 2106 578 2177 Matthaeus,
600 2113 699 2167 textus
719 2105 834 2167 veteris
858 2104 994 2166 Foederis
1013 2105 1048 2163 in
1066 2105 1133 2165 alio
1152 2121 1238 2167 sensu
1258 2101 1293 2162 do

215 2189 336 2253 Christo
347 2191 543 2270 adlegantes,
561 2191 600 2251 ad
612 2191 683 2252 ilios
697 2196 865 2272 provocent
884 2198 1037 2268 tamquam
1050 2190 1094 2252 ad
1108 2189 1290 2272 probationes

214 2292 320 2334 corum
339 2293 406 2352 quae
419 2276 535 2336 dicunt.

251 2360 435 2419 Hallucinati
448 2368 518 2420 sunt
526 2362 662 2437 graviter
674 2360 697 2419 ii
709 2360 852 2437 Exegetae
880 2360 933 2439 qui
946 2361 1044 2423 cnivis
1055 2361 1163 2423 sensui
1179 2356 1291 2420 litterali

213 2460 334 2505 sensum
346 2446 505 2523 mysticum
518 2447 642 2508 subesse
651 2445 727 2516 rati,
741 2446 966 2521 commentaria
978 2464 1033 2508 sua
1046 2449 1191 2510 sensibus
1199 2445 1291 2524 mysi

214 2528 259 2590 cis
275 2530 444 2592 arbitrariis
460 2531 639 2612 implerunt;
657 2540 749 2610 atque
770 2533 814 2592 ita
829 2533 979 2610 Theologi
995 2534 1139 2594 nonnulli
1155 2533 1190 2592 in
1203 2530 1291 2593 studio

213 2615 377 2696 scripturae
406 2633 501 2679 sacrae
525 2617 606 2678 haud
631 2619 759 2689 versati,
783 2617 868 2680 hisce
890 2618 1116 2698 interpretibus
1140 2617 1291 2685 consultis,

214 2703 395 2781 quandoque
407 2711 585 2783 arguunenta
599 2703 771 2784 hujusmodi
787 2722 892 2768 sensus
903 2705 1024 2785 mystici
1040 2704 1191 2766 adversus
1203 2707 1291 2765 incre·

214 2787 301 2849 dulos
320 2796 352 2848 et
371 2789 566 2851 acatholicos
581 2793 782 2862 strinxerunt,
797 2809 864 2870 quae
883 2790 962 2851 nihii
978 2790 1171 2871 probabant,
1189 2808 1223 2852 ac
1238 2789 1292 2870 plis

212 2875 285 2934 maii
304 2893 394 2952 quam
411 2875 485 2936 boni
503 2884 645 2956 egerunt,
665 2896 733 2939 cum
751 2879 868 2939 inimici
885 2885 996 2938 nostrae
1014 2877 1182 2956 religionis
1195 2879 1249 2940 sibi
1257 2878 1291 2934 ita

213 2961 416 3038 persuadeant
428 2962 602 3026 catholicos
609 2963 782 3044 hujusmodi
789 2964 976 3044 argumentis
996 2960 1091 3025 fidem
1107 2978 1291 3044 suamsuper

213 3053 340 3108 struere.

249 3132 286 3192 Ι).
306 3133 415 3196 Paulus
436 3134 470 3212 (i
492 3136 563 3198 Cor.
588 3136 638 3206 lit,
656 3135 688 3206 6,
707 3136 763 3214 il)
783 3134 925 3213 equidem
941 3137 985 3195 ait
1003 3155 1011 3194 ι
1028 3137 1137 3199 «ilaec
1155 3133 1291 3199 auternin

214 3238 230 3274 ιι
244 3215 340 3297 figora
351 3220 508 3283 factasunt
517 3223 648 3283 nostri...
660 3225 735 3284 ilaec
754 3231 855 3282 autem
868 3223 969 3283 omnia
979 3223 1012 3282 in
1026 3223 1126 3303 ligura
1147 3224 1291 3302 continge

214 3324 231 3360 ιι
243 3303 317 3365 bant
329 3305 406 3377 illis;
422 3327 437 3362 ιι
448 3314 479 3367 at
490 3308 627 3368 absolute
643 3308 771 3368 minime
784 3308 861 3369 dicit
873 3309 975 3368 omnia
997 3325 1063 3388 quae
1085 3309 1292 3391 contingerunt

213 3391 294 3538 {pud
307 3393 454 3453 liebraeos
466 3391 557 3454 luisse
568 3402 675 3474 typos,
692 3411 762 3454 curn
776 3409 843 3473 quae
858 3392 934 3455 dicit
945 3396 1113 3476 restringat
1124 3412 1187 3478 per
1199 3409 1293 3458 recem

260 3495 285 3538 ο.
592 3504 595 3510 .

249 3564 318 3625 Non
339 3565 438 3625 minus
455 3581 473 3624 a
490 3581 563 3625 vero
578 3565 759 3626 aberrarunt
773 3566 837 3635 iili,
864 3565 914 3643 qui
938 3567 1119 3642 opinionem
1140 3568 1175 3631 iu
1194 3565 1297 3631 scholis

214 3650 405 3723 iudaeorum,
423 3657 505 3711 etex
518 3659 699 3731 exagperato
713 3658 864 3731 conceptu
875 3653 915 3713 de
930 3653 1088 3733 Scriptura
1101 3673 1191 3719 sacra
1205 3662 1297 3716 natam

214 3736 326 3807 secuti,
347 3737 428 3815 quod
445 3753 555 3818 nempe
574 3737 669 3798 verba
693 3737 856 3816 Scripturas
875 3754 968 3799 sacrae
988 3745 1107 3800 tantum
1130 3738 1299 3820 significent

215 3829 357 3898 quantum
365 3821 504 3903 possunt,
519 3823 656 3882 arbitrati
668 3831 737 3883 sumt
753 3824 835 3884 inter
847 3825 949 3904 plures
971 3843 1080 3889 sensus
1092 3828 1243 3889 litterales
1254 3824 1297 3885 vel

214 3909 356 3985 mysticos
366 3910 525 3989 possibiles
537 3909 719 3968 nobiliorem
729 3909 1023 3972 sensumtenendum
1031 3929 1109 3974 esse.
1121 3911 1297 3975 Attendenti

215 3991 296 4052 enim
314 4000 398 4073 patet
432 3995 476 4055 ita
500 3995 581 4055 viam
602 3994 694 4074 pandi
717 3994 902 4075 scripturam
924 4014 1042 4058 sacram
1062 3999 1298 4078 quibuscumque

216 4078 368 4151 sensibus,
382 4082 550 4160 mysteriis,
568 4081 722 4144 vaticiniis
735 4088 767 4144 ot
777 4082 932 4163 allegoriis
949 4085 1123 4148 arbitrariis
1137 4084 1296 4167 implendi.
