2716 4838
516 486 701 537 Llnltollutl
714 483 913 536 saeuorum.
1202 477 1249 543 ,245

177 589 210 645 at
222 582 273 648 bic
283 565 476 645 'anor'riimis
492 579 601 642 ardens
615 579 750 654 sistitur,
763 576 860 656 qualis
877 576 958 637 inter
970 571 1115 655 conjuges
1134 570 1248 634 sivein

179 670 370 750 poligamia,
385 668 450 729 sive
466 665 499 727 in
511 665 716 742 monogamia,
732 681 794 724 non
805 662 965 742 reperitur.
977 662 1128 728 Caetorum
1138 657 1178 720 de
1188 672 1250 719 ma·

182 756 321 817 trimonio
335 756 367 815 in
379 754 437 815 boc
445 752 525 813 libro
535 752 650 814 nullum
662 749 793 811 occurrit
801 749 972 828 vestigium.

216 841 279 903 Alii
293 839 355 901 sibi
366 856 540 917 persuasum
553 837 684 907 habent,
698 841 812 897 costum
824 852 956 898 amorem
970 827 1072 914 sponsi
1087 837 1119 894 et
1133 843 1249 912 sponsae

184 934 249 989 ante
264 925 438 1005 conjugium
449 925 481 984 in
493 922 682 1001 monogamia
695 921 774 982 cani.
1175 988 1178 994 ¹

217 1014 250 1076 ld
267 1013 468 1075 certissimum
486 1017 547 1082 cst,
562 1009 663 1070 illiciti
678 1010 787 1070 amoris
804 1009 837 1069 in
855 1007 914 1068 hoc
926 1006 1005 1067 libro
1021 1004 1136 1066 nullum
1148 1009 1250 1065 extare

185 1102 344 1181 vestigium
350 1119 358 1172 3
370 1101 482 1178 quique
491 1105 572 1161 casto
580 1097 679 1158 animo
689 1097 774 1156 illum
783 1096 873 1176 legit,
882 1096 927 1156 nil
936 1093 1017 1156 aliud
1026 1093 1252 1172 reperietquam

187 1188 360 1249 tenerdmas
381 1183 531 1246 dictiones
551 1183 678 1245 duorum
691 1183 869 1255 amantium,
882 1181 934 1260 qui
944 1177 1034 1241 fidem
1047 1179 1107 1241 sibi
1119 1178 1252 1238 invicem

189 1273 432 1352 ewanchque
442 1279 616 1353 tamparum
624 1289 710 1334 snum
717 1287 850 1333 amorem
859 1268 1011 1332 occultant
1017 1274 1051 1328 nt
1058 1265 1158 1347 potius
1167 1264 1251 1324 illum

191 1362 320 1422 omnibus
326 1360 516 1421 innotescere
527 1365 680 1439 exoptent,
689 1357 770 1436 quod
778 1358 919 1418 inaniore
927 1354 1035 1416 illicito
1043 1352 1170 1414 minime
1179 1367 1251 1412 con·

192 1444 259 1524 tigit.
273 1447 429 1510 coeterum
444 1451 526 1506 casto
541 1445 655 1531 lectori·
669 1444 750 1506 baud
770 1442 1026 1511 obliviscendum,
1042 1439 1155 1499 librum
1171 1437 1252 1497 hunc

193 1528 269 1595 foisse
277 1533 400 1613 poetice
413 1531 445 1592 in
454 1530 582 1594 Oriente
594 1531 819 1601 concinnatum
831 1529 1002 1592 orientales
1011 1533 1111 1588 antem
1120 1523 1253 1603 deseris

192 1612 460 1682 tionesrlvaciores
474 1616 946 1695 adhibentquamOccidentales,
954 1615 1075 1693 illisque
1083 1612 1118 1672 in
1125 1610 1253 1673 Oriente

192 1712 270 1765 nemo
279 1702 465 1765 offenditur:
485 1702 591 1764 Omnia
600 1702 709 1761 orando
717 1702 843 1762 mercdis.
991 1760 993 1764 .

214 1789 375 1869 Quidquid
383 1790 422 1852 sit
431 1788 471 1851 de
483 1806 573 1850 sensu
582 1789 707 1849 littorali
718 1788 807 1868 hujus
818 1786 901 1860 libri,
911 1788 1070 1866 synagoga
1080 1790 1112 1845 et
1118 1780 1254 1843 Ecclesia

182 1865 339 1939 catholica
348 1892 418 1938 omn
427 1877 484 1938 sub
495 1876 612 1936 ratione
622 1892 726 1936 sensns
734 1874 855 1951 mystici
864 1873 981 1937 Canoni
989 1873 1149 1933 Librorum
1157 1885 1254 1930 sacro·

170 1962 245 2047 {tim
264 1962 430 2024 inseruisse
445 1962 603 2032 videntum
617 1976 710 2038 quare
726 1959 791 2037 ejus
807 1976 928 2029 sensus,
943 1959 999 2021 sub
1015 1958 1133 2020 ratione
1149 1956 1255 2019 saltem

154 2028 251 2135 '¹{bri
264 2048 421 2119 canonici,
432 2048 491 2109 crit
500 2046 653 2126 mysticus.
665 2044 766 2107 Judaei
774 2051 909 2107 mutuum
916 2046 977 2107 Dei
988 2051 1019 2107 et
1027 2044 1130 2125 populi
1141 2043 1256 2106 israeli-

147 2120 249 2211 3¹01,
260 2132 428 2196 Christiani
439 2149 513 2194 vero
524 2138 660 2192 mutuum
671 2131 784 2195 Christi
797 2138 828 2193 et
836 2132 941 2213 populi
953 2131 1110 2194 christiani
1124 2147 1256 2193 amorem

140 2212 204 2275 ’ἢ
220 2238 261 2283 eo
273 2218 426 2281 celebrari
436 2216 604 2280 adfirmant.
621 2221 650 2279 Α
671 2215 851 2281 Christianis
865 2217 945 2280 bunc
958 2219 1071 2280 librum
1084 2218 1256 2300 legentibus
1327 2288 1332 2301 ,

127 2292 408 2385 *espicicndum
421 2312 466 2367 est
482 2304 522 2366 ad
536 2304 701 2378 Christian,
713 2305 753 2367 ad
769 2305 834 2386 ejus
846 2306 1030 2381 Ecclesiam,
1045 2307 1085 2371 ad
1094 2309 1256 2390 Deiparam

131 2360 358 2472 Virginem,
374 2397 406 2451 et
416 2389 454 2451 ad
466 2391 596 2451 animam
603 2392 761 2469 justorum.

213 2478 297 2543 Cum
316 2482 419 2537 autem
434 2477 563 2558 poiticae
586 2477 804 2557 descriptiones
822 2479 985 2540 orientales
1003 2481 1036 2539 in
1053 2480 1113 2543 hoc
1130 2483 1256 2548 cantico

118 2554 379 2627 ”vementes
386 2562 557 2641 junioribus
566 2562 725 2625 offensioni
737 2581 803 2625 esse
815 2573 951 2645 possent,
960 2566 1178 2630 Jndocimcrito
1187 2590 1257 2653 pos-

118 2629 350 2712 twioribus
359 2649 544 2728 temporibus
553 2648 719 2711 lectionem
727 2648 815 2729 hujus
823 2649 897 2710 libri
907 2651 1029 2711 nonnisi
1041 2652 1258 2732 postdbaetatis

126 2728 298 2801 Rumam
308 2736 371 2796 suis
383 2732 595 2814 permiserunt.
612 2735 762 2814 Origenes
772 2736 888 2814 pariter
899 2735 1086 2813 jrmioribus,
1097 2741 1259 2820 multisque

138 2818 269 2895 tliie,
281 2822 447 2882 lectionem
456 2821 545 2901 hujus
553 2820 850 2883 libridissnadensz«
858 2821 1154 2899 Consiliumdo,ait,
1175 2826 1260 2886 omni

146 2912 192 2963 δ
216 2908 727 2991 quinondmncarnisetsanguinis
736 2909 1259 2991 molestiiscaretnequeabaffectu

164 3006 198 3051 1
214 3002 336 3059 nam
356 2996 521 3057 materialis
540 2995 694 3065 abscedit,
706 3001 740 3055 nt
751 2995 913 3058 alectione
925 2996 1024 3058 libelli
1042 2997 1129 3078 hujus
1140 3019 1260 3064 eorum·

170 3094 203 3139 ἱ
221 3100 381 3233 offis&
397 3083 431 3147 in
443 3099 480 3146 co
492 3082 647 3157 dicuntur,
659 3084 781 3163 ponitus
792 3090 943 3165 temperet
957 3085 982 3145 ⁸.
995 3105 1011 3144 n
1021 3085 1118 3164 (conf.
1129 3107 1159 3152 ῃ,
1170 3090 1259 3155 Μ

185 3176 223 3233 ei

562 3297 602 3345 DE
618 3296 708 3345 LlBllo
722 3295 891 3346 slrffiltrlla.

381 3391 398 3458 5
412 3392 492 3442 clllll.
503 3416 533 3430 -
543 3394 650 3458 bingin,
661 3395 746 3445 aueo:
755 3396 782 3445 et
791 3397 850 3446 actas
864 3396 922 3445 libri
934 3396 1076 3461 Sapientia.

169 3532 178 3567 ²:
189 3516 202 3565 t.
224 3514 301 3573 81⁰.
314 3513 407 3574 Liber
418 3515 581 3593 Sapientiae
589 3515 693 3596 lingua
704 3532 803 3597 graeca
813 3519 1020 3581 exaratusluit.

166 3634 172 3645 ·
185 3612 214 3689 3.;
225 3600 312 3665 olim
323 3601 452 3664 amultis
468 3603 619 3665 Salomoni
637 3605 802 3688 adscriptus
815 3608 890 3680 luit;
903 3616 949 3671 ast
962 3603 1142 3692 compositos
1153 3610 1210 3674 fuit
1223 3607 1262 3676 ab

191 3690 315 3749 fictore
324 3689 506 3759 recentiore,
514 3690 565 3766 qni
577 3690 990 3761 Salomonisnominclocntus
998 3705 1043 3760 est
1053 3696 1129 3777 (cl,
1139 3698 1167 3773 9,
1178 3704 1250 3781 etc.)

117 3774 120 3841 l
163 3798 207 3833 n.
227 3772 376 3850 ldliqnet
385 3772 415 3831 l⁰
426 3773 515 3850 Quod
525 3775 669 3838 hebraice
681 3796 743 3841 non
753 3780 809 3841 fuit
820 3782 961 3862 scriptus,

228 3856 263 3921 9·
273 3858 365 3937 Quod
374 3876 436 3920 non
448 3859 504 3919 luit
517 3861 548 3921 in
563 3863 686 3926 Canone
695 3865 885 3941 ludaeorum,
897 3875 930 3931 ct

155 3966 192 4009 rr·
229 3944 1262 4044 b·Quodstylosproditauctorem,quieloquentiametpbilosophiam

181 4058 189 4069 ·
227 4042 562 4121 toncraencnoroe.

156 4136 210 4193 ει,
1046 4158 1050 4165 ·
1116 4142 1186 4193 rs·
1231 4150 1237 4160 ·
