2708 4846
478 454 884 525 errroruuracnonuu,
1097 510 1102 517 ,
1164 460 1210 511 ror

86 584 98 617 ι,
138 542 228 609 rento
238 546 330 624 capili
339 559 430 609 manu
439 545 539 611 aliena
548 560 677 612 amulum
686 569 751 614 esse
765 546 949 624 existimant}
960 569 1030 613 nam
1039 570 1096 615 vox
1108 556 1210 616 ilexin

138 635 299 713 Scriptura
308 633 390 694 baud
406 634 610 713 infrequenter
620 637 769 716 significat
780 640 912 709 'Ducum
928 639 1165 709 Gubernatorem,
1180 647 1211 701 et

137 720 212 783 binc
220 722 344 798 Moyses
353 720 489 782 scribere
500 723 612 801 potnit,
624 724 777 785 Edomitas
786 724 848 802 jam
862 732 929 786 octo
946 741 1048 804 reges,
1058 743 1112 785 sou
1127 726 1211 786 dores

138 808 421 888 autptberootorer,
440 807 595 884 babuisse,
614 818 773 889 antequam
786 813 926 873 lsraiilitae
942 813 1039 892 ipsum
1051 812 1210 891 (Moysen)

137 894 291 957 baberent
312 894 414 955 ducem
439 910 494 956 seu
510 897 735 975 pabemotorem.
749 898 868 976 Moyses
884 899 975 958 etiam
993 915 1059 968 rex,
1072 916 1126 959 seu
1139 899 1209 968 dux,

138 990 264 1046 vocatur
274 982 376 1060 (Dent.
397 983 448 1055 55,
463 983 504 1062 b).
519 983 619 1044 Judic.
640 984 692 1055 el,
713 985 750 1045 il
765 985 881 1065 judicer
899 991 1044 1045 vocantur
1064 1003 1157 1063 repes,
1179 994 1212 1048 et

139 1070 210 1133 ibid
223 1089 250 1133 c.
261 1070 293 1141 9,
307 1070 339 1147 6)
354 1068 549 1141 Abimelecb,
561 1071 716 1134 Gedeonis
727 1071 815 1144 iilius,
833 1089 885 1133 reo
895 1080 1092 1151 nuncupatur,
1107 1091 1211 1152 quam·

139 1158 265 1220 viralis
276 1155 399 1237 proprie
410 1173 472 1216 non
482 1163 571 1219 esset.

173 1242 207 1304 b'
216 1245 339 1324 Moyses
351 1241 456 1320 (Exod.
471 1243 516 1314 ib,
526 1244 587 1324 55),
599 1244 777 1324 simpliciter
783 1244 895 1306 habet:
912 1266 927 1302 ι(
941 1246 1012 1305 Filii
1023 1247 1115 1307 lsrael
1127 1265 1211 1309 man·

138 1330 356 1394 »ducaremrnt
370 1346 438 1389 man
450 1330 646 1410 quadraginta
664 1332 767 1404 annis,
786 1332 884 1394 donec
900 1333 1040 1394 venirent
1055 1334 1211 1397 interram

138 1416 367 1479 inhabitabilem
376 1435 384 1474 ε
394 1416 452 1476 boc
461 1417 531 1477 cibo
541 1417 606 1478 aliti
618 1425 697 1488 sunt,
706 1435 861 1497 usquequo
871 1426 1030 1499 tangerent
1039 1418 1113 1481 fines
1121 1428 1210 1483 terrae

138 1502 323 1568 acbanaan.
336 1523 354 1559 a
366 1504 434 1560 Jam
449 1518 522 1562 vero
548 1504 691 1564 israelita²
711 1504 846 1582 proiecto
866 1506 1016 1583 tooyebeot
1039 1503 1111 1582 fiaes
1127 1516 1211 1569 terrie

139 1588 280 1653 mm
295 1594 367 1648 ante
378 1594 506 1649 mortem
517 1589 640 1667 Moysis,
657 1607 725 1650 eum
735 1591 831 1651 tribus
843 1592 952 1652 Ruben
965 1596 995 1651 et
1007 1593 1142 1655 Manasse
1149 1594 1211 1670 jam

137 1682 531 1755 tumoceupaesentomnem
541 1677 699 1755 regionem
708 1677 850 1740 Chanaan
861 1679 899 1738 ad
909 1679 1059 1738 orientem
1069 1681 1210 1743 iordanis

136 1765 232 1825 eitam.
250 1761 389 1839 Reliqua
405 1762 502 1823 tribus
520 1763 607 1841 paulo
623 1770 691 1842 post
704 1762 768 1840 ejus
780 1763 895 1823 obitum
908 1764 1059 1823 residuam
1068 1764 1209 1827 Chanaan

135 1848 419 1911 sibisubmiserunt.

171 1932 205 1996 3⁰
212 1936 281 1996 Vox
290 1934 447 2004 hebraica,
458 1948 552 2011 qrraea
563 1934 594 1993 S.
608 1934 794 2011 Hieronymo
806 1934 837 1991 in
847 1933 976 2009 Vulgata
985 1951 1040 2012 por
1049 1942 1130 1995 trans
1139 1938 1210 1999 red-

136 2021 203 2082 dita
210 2023 274 2091 init,
282 2018 483 2101 significatos
494 2026 627 2090 ettroos,·
637 2036 729 2097 quare
737 2020 830 2080 relate
840 2019 878 2081 ad
888 2022 1014 2099 Moysen
1026 2023 1210 2087 scribentem

135 2106 283 2170 uertenda
298 2107 468 2185 brissetper
480 2107 521 2166 eis
533 2106 709 2166 Jordanem.

170 2193 257 2255 eux
266 2196 280 2255 l
290 2194 452 2254 Maobab.l
464 2192 648 2255 solummodo
662 2192 801 2254 concludi
809 2194 1019 2271 potest‚multa
1029 2196 1209 2276 exemplaria

134 2280 211 2361 legia
231 2281 373 2360 periisse.
393 2280 502 2342 Omnia
521 2297 642 2358 prorsus
659 2280 843 2359 exemplaria
859 2281 1057 2341 Pentateuchi
1075 2283 1209 2362 proiecto

134 2366 372 2445 Hierosolymis,
388 2373 439 2425 aut
451 2366 483 2425 in
495 2365 653 2427 Palaestina
664 2383 725 2425 non
736 2372 837 2435 erant3
853 2382 946 2443 qrmrc
960 2368 1059 2427 omnia
1072 2369 1209 2431 comburi

133 2470 195 2514 non
213 2459 366 2533 poterant.
383 2451 513 2511 Praeeise
531 2452 611 2529 quod
629 2459 725 2511 morte
747 2449 939 2511 afficerentur
957 2453 1021 2524 illi,
1041 2454 1120 2533 apud
1136 2474 1210 2533 quos

134 2537 206 2600 libri
224 2539 308 2619 legis
323 2538 573 2618 reperiebantur,
591 2538 684 2596 multa
703 2537 885 2615 exemplaria
906 2537 1010 2598 sedulo
1034 2539 1210 2603 abscondita

133 2622 272 2687 mamm
290 2622 364 2684 hinc
381 2623 471 2683 etiam
486 2623 524 2698 (c.
541 2623 569 2694 5,
582 2623 630 2698 118)
647 2622 774 2699 legitur:
789 2643 804 2678 a
817 2623 1030 2701 Expanderunt
1052 2624 1146 2686 libros
1164 2628 1210 2688 le-

134 2711 230 2789 ogis,
244 2730 261 2767 r
275 2715 309 2771 et
319 2709 360 2787 (e.
374 2708 420 2777 le,
432 2707 483 2785 9):
497 2708 680 2768 «Habentes
696 2707 803 2768 solatio
817 2716 936 2767 sanctos
949 2708 1066 2781 Libros,
1077 2711 1129 2786 qui
1141 2722 1210 2773 sunt
1285 2744 1287 2749 v

134 2794 484 2858 smmmibusnostris.
498 2815 515 2850 r
750 2872 752 2876 Α

171 2882 204 2943 '1⁰
213 2884 310 2945 Liber
320 2884 364 2943 lv
379 2882 484 2943 Fsdrae
498 2889 543 2943 est
558 2880 761 2961 apocryphus,
777 2881 868 2941 immo
885 2881 917 2940 in
928 2881 1030 2941 multis
1042 2882 1205 2958 fabulosus,

134 2984 230 3049 quare
242 2969 353 3031 iactum
364 2966 433 3038 hoc,
446 2984 503 3045 per
513 2985 546 3028 se
555 2967 748 3038 incredibile,
760 2985 797 3027 ex
811 2984 847 3026 eo
861 2967 1003 3027 historice
1012 2969 1126 3028 nullam
1139 2987 1210 3032 auc-

133 3055 420 3116 turimemmutuari
427 3061 534 3133 potest.
541 3053 651 3115 Omnia
659 3054 841 3130 exemplaria
851 3053 1010 3111 Librorum
1021 3058 1208 3117 sacrorumin

135 3134 312 3220 temfloaut
320 3139 539 3217 Hierosolymis
550 3137 632 3197 baud
644 3137 894 3206 adservabantur3
909 3154 1000 3213 quare
1011 3140 1111 3197 omnia
1125 3141 1211 3201 ilam-

133 3225 197 3287 mis
205 3222 306 3304 perire
316 3242 379 3285 non
390 3231 560 3304 potuerunt.
573 3222 698 3283 Esdram
710 3221 946 3282 Pentateuchum
955 3239 1017 3281 non
1030 3221 1209 3285 confinxisse

132 3311 328 3393 probavimus
339 3329 371 3371 n.
384 3311 432 3371 79.

169 3396 262 3475 Quod
278 3403 394 3477 spectat
407 3397 513 3457 citatos
526 3396 645 3464 Patres,
661 3394 687 3454 si
704 3393 749 3452 illi
765 3391 936 3472 apocrypbo
949 3391 1028 3451 libro
1040 3392 1143 3454 Esdrae
1155 3393 1210 3454 de-

135 3484 219 3561 cepti
229 3484 369 3553 buimont,
382 3500 487 3543 eorum
499 3481 601 3560 opinio
611 3482 649 3541 ab
662 3481 783 3541 illorum
797 3479 934 3541 doctrina
950 3479 1161 3557 distinguenda
1174 3499 1209 3543 ac

136 3566 305 3629 deserenda
322 3567 410 3628 foret.
430 3570 534 3628 Patres
550 3566 685 3644 proiecto
704 3567 735 3625 in
754 3566 813 3625 suis
831 3566 1024 3642 opinionibus
1039 3564 1140 3625 errare
1155 3585 1210 3645 po-

135 3658 271 3723 merum
287 3654 344 3714 sed
362 3654 568 3716 verisimiliter
583 3652 706 3712 Esdram
725 3669 761 3712 eo
779 3668 869 3711 sensu
887 3652 1046 3710 Librorum
1058 3670 1209 3712 sacrorum

134 3746 363 3801 mmorororem
374 3740 527 3813 dixerunt,
545 3739 626 3817 quod
640 3739 848 3808 crediderunt,
867 3756 935 3798 eum
947 3756 1046 3799 sacros
1060 3739 1207 3810 Codices,

135 3832 204 3907 put
222 3827 430 3906 captivitatem
449 3827 660 3905 babylonicam
675 3825 766 3887 variis
781 3824 899 3885 mendis
916 3825 1101 3895 laborantes,
1116 3828 1208 3888 variis

135 3908 255 3975 eruam
265 3913 501 3994 exemplaribus,
514 3913 679 3976 correxisse
691 3907 782 3988 (conl.
795 3928 826 3972 n.
839 3912 880 3988 7).
