2708 4846
224 465 272 514 m
662 455 845 508 Amllblx

477 597 1063 671 sxxxm-Deteetol’bmtmreurorttm.

264 740 335 797 ⁰7⁸.
348 737 471 797 Festum
481 733 604 796 Pburim
615 732 666 794 vel
681 732 799 803 Parim,
812 748 868 792 seu
880 731 1030 802 Sunium,
1042 729 1221 791 institutum
1231 729 1301 793 balta

224 823 434 890 mardochaeo,
449 821 516 881 viro
535 818 661 890 duduco,
677 819 781 899 primo
799 818 939 878 ministro
961 816 1112 886 desumi,
1136 833 1191 877 sen
1210 818 1302 880 xeno

224 910 344 989 magni,
358 908 440 988 regis
452 907 577 978 Persioe,
590 907 622 966 in
634 905 811 966 memoriam
819 903 1014 965 liberationis
1025 902 1207 963 ludaeorum
1221 904 1303 984 impe·

225 995 266 1054 rii
284 994 400 1056 Persici
423 993 462 1053 ab
480 991 711 1061 intemecione‚
733 1006 824 1069 quam
843 988 905 1050 illis
920 987 1111 1049 decreverat
1123 989 1223 1049 Aman
1234 991 1304 1070 prior

223 1080 365 1142 minister
376 1079 457 1159 regis
466 1079 591 1140 Assueri
604 1076 703 1154 (Roth.
715 1075 770 1153 9);
791 1091 885 1155 quare
902 1082 933 1136 et
944 1072 1004 1136 boc
1020 1073 1136 1136 testum
1147 1076 1220 1137 Dira
1232 1078 1303 1136 ilor-

225 1163 340 1226 docltun‘
349 1164 465 1226 dictum
476 1164 532 1225 fuit
545 1163 557 1242 (
568 1161 745 1224 llldachab.
767 1161 823 1233 lli,
848 1160 911 1237 57).
933 1160 1059 1221 Festum
1072 1167 1182 1221 autem
1198 1160 1303 1221 Pteria

225 1253 417 1315 consortium
429 1258 637 1332 nuncupatur,
653 1248 779 1329 eoquod
791 1251 890 1310 Amen
904 1254 1004 1320 sorte.
1021 1264 1118 1327 quam
1128 1249 1229 1311 Persae
1239 1248 1303 1311 Pte·

226 1336 285 1396 rim
296 1344 423 1408 vocant,
435 1335 726 1415 inquisiveratdiem
738 1334 854 1396 Judaeis
865 1333 997 1395 lataleru.

262 1424 385 1483 Festum
401 1421 460 1483 hoc
472 1421 688 1484 celebrandum
702 1428 767 1482 erat
778 1420 898 1483 decima
910 1426 1017 1498 quarta
1029 1425 1063 1480 et
1077 1417 1204 1481 decima
1215 1420 1304 1499 quina

225 1508 340 1569 mensis
359 1507 458 1578 lidae,
472 1524 527 1569 seu
539 1506 639 1566 ultimi
659 1506 773 1569 mensis
785 1505 857 1567 anni
875 1505 954 1567 sacri
972 1504 1192 1567 Hebraeorum.
1211 1508 1244 1566 ln
1262 1505 1303 1567 illo

225 1592 450 1673 praelegebatur
462 1593 584 1671 integer
597 1591 679 1652 liber
689 1590 810 1652 Esther.
824 1589 916 1653 blodo
930 1597 1035 1651 autem
1047 1588 1112 1651 boe
1121 1590 1232 1652 lesum
1242 1592 1303 1653 leuto

224 1678 338 1740 bacchi
355 1678 455 1740 simile
473 1686 536 1751 est3
554 1679 803 1758 quotiescumque
819 1677 903 1739 enim
918 1693 1032 1738 nomen
1048 1677 1156 1738 Aman
1168 1677 1303 1749 occmrit,

226 1780 332 1827 omnes
345 1764 445 1825 Judaei
459 1765 606 1845 plaudunt
617 1764 759 1825 manibus
772 1808 781 1830 .
794 1770 886 1843 atque
897 1762 1009 1843 pugnis
1023 1762 1304 1826 ermedramno

215 1851 415 1932 ‘peccabunt
430 1850 631 1912 vociferantes
644 1868 651 1908 :
666 1849 770 1910 Pereat
781 1864 883 1909 mmeu
893 1850 967 1931 ejus.

264 1936 365 1997 Judaei
379 1935 452 1995 olim
464 1937 496 1997 in
511 1934 689 1996 memoriam
705 1933 848 2014 supplicii
861 1933 960 1995 crucis
973 1932 1089 1995 Amani
1103 1949 1212 1994 cruces
1226 1946 1305 2011 sapor

227 2016 332 2081 domos
344 2037 412 2081 suas
424 2021 599 2102 erigebant3
611 2027 643 2081 at
653 2018 712 2095 boc
725 2019 788 2081 illle
795 2016 1048 2100 prohibitumiuit
1056 2014 1155 2098 (cod
1164 2015 1302 2080 Tbeodot

226 2105 276 2165 tit.
286 2106 337 2183 la„
348 2124 374 2168 c.
385 2107 436 2191 2).

405 2241 423 2309 ,ς
437 2245 547 2293 xxxiii.
556 2268 587 2282 -
595 2245 633 2294 lle
644 2243 707 2295 tecto
716 2245 887 2295 haemonam
895 2256 944 2295 rea
954 2244 1141 2299 laur-tuatim

265 2366 337 2419 ⁰76·
351 2365 441 2442 Apud
453 2363 576 2424 Judaeos
589 2372 719 2441 quatuor
731 2364 853 2427 fuerunt
868 2364 943 2427 iesu
956 2364 1166 2428 dedicationis
1177 2362 1303 2446 Templh

227 2446 306 2508 illud
315 2445 517 2508 dedicationis
529 2448 635 2524 tenrpli
647 2464 664 2507 a
674 2448 835 2510 Salomone
846 2451 975 2511 extructi
985 2450 1206 2513 celebrabatur
1213 2464 1306 2512 meust

226 2531 323 2605 Tisri3
339 2533 446 2594 testum
463 2530 807 2612 reaedilicationishujus
817 2535 922 2615 templi
934 2552 991 2616 per
1002 2536 1230 2599 zorobabelem
1240 2533 1307 2597 iuti-

227 2617 322 2680 debat
339 2620 370 2680 in
387 2636 523 2681 mensem
538 2619 641 2691 Adon
658 2621 780 2682 tertium
793 2621 902 2683 festum
913 2628 979 2683 erat
990 2622 1201 2685 dedicationis
1212 2620 1307 2704 tmoli

225 2721 285 2786 per
304 2705 458 2767 llerodem
475 2721 581 2785 regem
594 2706 726 2778 Judaeae,
746 2714 777 2767 et
792 2716 932 2786 quartum
952 2707 1063 2768 testum
1080 2716 1150 2770 erat
1166 2707 1307 2771 dedicatio

227 2793 334 2875 templi
347 2810 402 2874 per
413 2791 525 2853 ludam
542 2791 751 2854 Machabaeum
768 2792 866 2864 lacta;
881 2811 950 2854 cum
963 2793 1048 2854 enim
1063 2794 1237 2857 antiochus
1245 2794 1309 2874 Eoi·

225 2875 343 2956 phanes
357 2878 808 2958 templumhierosolymitanum
815 2878 1011 2956 profanasset,
1019 2880 1118 2942 ludas
1127 2880 1309 2943 Macbabaeu

226 2960 304 3020 illud
316 2963 489 3034 mundavit,
504 2962 629 3042 ejusque
641 2964 868 3026 dedicationem
880 2964 1059 3026 celebrarit.
1072 2966 1151 3027 Haec
1166 2964 1309 3028 demam

226 3046 490 3110 multissacriirciis
501 3058 630 3129 perocto
636 3050 703 3111 dies
713 3051 861 3130 agebatur
869 3050 1018 3129 vigesima
1027 3050 1138 3129 quinta
1149 3050 1310 3114 mameae

227 3132 353 3204 Coelen,
369 3135 444 3195 etin
460 3136 569 3195 testum
582 3152 714 3196 annuum
733 3154 881 3199 conversa
894 3137 959 3197 luit.
979 3138 1105 3198 Festum
1123 3136 1187 3200 boo
1200 3152 1309 3217 qumque

226 3219 344 3279 Festum
365 3221 566 3280 luminarium
583 3230 788 3301 nuncupatum
808 3223 878 3291 tuit,
899 3221 980 3301 quod
1006 3221 1111 3283 Judaei
1134 3222 1176 3285 ad
1199 3223 1310 3285 sellem

226 3319 331 3364 rerum
347 3305 602 3378 conversionem,
625 3324 770 3386 suamque
790 3308 930 3370 laetitiam
946 3307 1208 3372 manifestandam
1226 3306 1310 3371 mma

226 3386 386 3452 luminaria
401 3391 622 3453 accendebant.

265 3475 407 3536 Occurrit
419 3476 517 3539 adbuc
528 3477 660 3539 lintach.
672 3480 700 3550 l,
712 3479 757 3550 l8,
769 3486 829 3542 ete.
841 3480 957 3540 Festum
969 3477 1076 3540 detecti
1081 3481 1163 3557 iqnb
1175 3476 1310 3542 amrium

227 3556 393 3632 Nebemia‚
408 3567 497 3639 atque
512 3561 636 3625 lltlach.
651 3563 680 3633 7,
689 3562 743 3633 ta,
761 3572 820 3628 ete.
839 3566 868 3626 ll
883 3562 985 3627 blaclr.
1000 3563 1053 3638 lt.
1080 3564 1133 3640 m,
1149 3567 1259 3632 lestmrr
1274 3563 1310 3627 ob

229 3640 385 3710 deuotum
392 3646 577 3710 Nicanorem
584 3647 767 3712 institutum.
