2708 4846
138 442 190 495 {98
556 443 599 491 blf
617 441 816 491 Aubuunvlt

176 512 251 591 253}
261 532 275 593 l
286 529 389 596 Esdrae
398 532 429 607 7,
438 530 458 595 6
468 531 591 614 legitm,
600 532 681 613 quod
689 532 798 596 Esdras
806 528 898 591 fuerit
906 525 1009 591 66666
1020 522 1106 588 uelox
1119 521 1214 603 666666

138 620 249 697 lfoyst‘.

175 707 217 766 At
228 707 422 770 hocminimc
433 706 532 786 arguit
539 705 665 768 Esdram
670 705 737 767 baec
745 721 806 765 non
819 702 975 783 scripsisse
982 719 991 772 ;
1001 714 1073 762 nam
1083 696 1151 759 baec
1163 697 1215 759 bo·

137 793 220 854 noris
233 794 424 873 compellatio
438 793 601 870 aequivalet
610 800 714 854 nostro
724 791 813 852 titulo
832 787 1015 852 Professoris
1027 784 1214 864 Theologiae,

137 895 228 956 quem
240 897 313 942 sane
324 879 433 940 Esdras
446 879 507 940 sibi
519 877 591 939 dare
601 879 711 959 potuit.

174 965 631 1027 254.1Esdrae9etl0narratur
652 958 1223 1055 EsdramaJudaeisremovisseuxoree

136 1050 323 1132 alienigenas
349 1067 511 1129 earumque
524 1051 636 1131 proles.

174 1138 235 1201 Sed
244 1141 321 1201 ratio
335 1146 401 1200 erat
427 1136 508 1217 quod
519 1139 689 1217 periculum
700 1136 885 1200 seductionis
898 1136 929 1195 in
949 1132 1165 1205 idololatriam,
1176 1130 1226 1195 ob

136 1223 218 1302 quod
229 1225 349 1303 Moyses
361 1222 502 1303 conjugia
514 1241 583 1285 cmn
595 1223 792 1287 Chanaanitis
804 1222 1014 1302 prohibuerat,
1026 1226 1091 1280 tum
1101 1217 1219 1293 aderat,

135 1312 207 1383 utll
220 1311 323 1372 Esdrae
334 1309 380 1381 lt,
391 1309 429 1371 26
444 1311 567 1390 legitur.
579 1311 807 1373 Matrimonium
816 1326 890 1371 vero
905 1309 988 1369 iuter
1003 1307 1086 1388 ipsos
1097 1302 1215 1367 tudam

136 1395 213 1458 solvi
226 1403 346 1478 poterat
358 1393 403 1474 (n.
417 1396 476 1473 df).

212 1532 365 1601 sbxlivlll.
372 1558 404 1572 -
413 1533 519 1596 Lingua,
531 1534 617 1585 auctor
627 1534 653 1583 et
663 1535 722 1583 totns
732 1534 754 1581 ll
765 1532 822 1581 libri
833 1531 924 1582 Esdrae.
934 1530 1006 1581 l'ldce
1015 1529 1040 1580 ci
1050 1527 1141 1581 debita.

1255 1610 1259 1621 1

1254 1692 1259 1701 .·

173 1658 246 1714 255.
258 1658 351 1718 Liber
362 1657 413 1717 bic
424 1656 529 1735 lingua
541 1655 743 1736 praecedentis
754 1656 882 1734 scriptus
894 1654 961 1714 fuit.
1255 1712 1259 1739 Ι

174 1744 276 1808 (iuml
291 1750 322 1804 et
334 1745 361 1803 ll
374 1743 455 1804 liber
466 1742 568 1803 Esdrae
581 1743 620 1802 ab
633 1742 772 1803 Hebraeis
781 1741 854 1803 olim
864 1757 919 1819 pro
932 1739 1023 1800 unico
1034 1738 1114 1799 libro
1121 1734 1203 1799 habe·
1256 1760 1259 1771 ·

136 1837 252 1901 rentur,
266 1829 354 1890 ambo
364 1829 488 1889 nomine
500 1827 604 1889 Esdrae
616 1834 778 1901 venerunt,
788 1844 846 1906 quo
857 1826 980 1887 nomine
992 1821 1203 1887 inbibliislati·

136 1916 185 1977 nis
198 1915 297 1990 adbuc
310 1915 539 1993 compellantur·
1137 1960 1140 1965 .

175 2000 246 2057 236.
259 2002 375 2060 Verum
384 2003 411 2059 ll
424 2000 504 2060 libor
517 1999 620 2060 Esdrae
635 2006 788 2060 auctorem
798 1998 893 2059 babet
902 1996 1098 2069 Nebcmiam,
1109 1994 1201 2057 doceo

137 2088 312 2149 ludaeorum
332 2095 402 2166 post
420 2087 545 2146 Esdram
567 2086 722 2163 Babylone
747 2087 779 2145 in
801 2085 937 2146 Jnoaeam
958 2094 1159 2154 reversorum
1176 2078 1201 2141 id

139 2174 290 2235 evincitur
300 2180 365 2232 tum
377 2189 415 2232 ex
427 2190 455 2233 c.
469 2172 497 2243 l,
513 2173 540 2242 l,
555 2179 619 2231 tum
631 2171 712 2248 quod
724 2173 856 2232 narratio
869 2188 989 2249 semper
1000 2167 1034 2232 lit
1044 2170 1078 2232 in
1088 2180 1200 2251 percont
1214 2226 1221 2245 ,

137 2257 306 2318 Nehemiae.

110 2340 128 2403 ’,
175 2344 247 2398 257.
259 2342 385 2419 Scripsit
396 2340 657 2421 porroNehemias
665 2342 746 2404 hunc
756 2343 868 2403 librum
880 2349 947 2423 post
959 2343 1201 2406 secundumsnm

138 2427 364 2505 llierosolymos
372 2427 515 2499 reditum,
528 2429 580 2506 qui
589 2429 689 2488 locum
696 2428 804 2489 habuit
812 2429 849 2487 ab
858 2431 980 2490 circiter
988 2447 1068 2491 anno
1077 2437 1145 2509 post
1151 2424 1202 2507 ejus

136 2514 267 2596 primtun
279 2512 440 2573 adventum
451 2513 701 2592 Hierosolymam.
711 2513 743 2573 si
751 2512 914 2575 Nehemias
924 2532 1003 2575 anno
1013 2523 1081 2594 post
1089 2514 1203 2594 primum

137 2619 224 2663 suum
234 2600 396 2663 adventum
406 2599 557 2670 rediisset,
568 2608 600 2660 ut
613 2600 751 2663 nonnulli
765 2601 948 2674 existimant,
959 2609 1005 2662 tot
1015 2602 1125 2663 abusus
1131 2602 1204 2663 inve

137 2694 249 2749 teratos
259 2693 323 2746 tum
332 2703 393 2746 non
405 2686 591 2765 reperiisset,
604 2694 637 2746 ut
649 2686 850 2747 inveteratam
860 2687 1101 2767 profanationem
1113 2684 1206 2748 sabba·

137 2776 194 2849 tin,
212 2775 385 2838 diuturnam
401 2775 606 2835 retentionem
619 2774 820 2842 decimarum,
840 2783 871 2834 et
888 2775 1009 2853 nuptias
1023 2791 1093 2835 cum
1110 2770 1205 2836 alieui-

137 2864 239 2943 genis,
253 2863 390 2940 equibus
400 2862 462 2942 jam
472 2861 648 2941 prodierant
660 2860 714 2920 frlii
728 2861 822 2921 adulti
836 2880 863 2921 c.
878 2860 924 2932 l5,
934 2861 1034 2924 itt-iii.
1208 2890 1217 2923 ι

176 2950 248 3004 658.
265 2946 540 3009 Nehemiam'vcro
559 2965 680 3008 omnem
700 2945 792 3008 fidem
806 2949 919 3007 mereri
937 2956 1037 3028 patet,
1057 2955 1124 3010 tum
1138 2942 1206 3029 quod

137 3032 193 3094 fuit
206 3034 307 3106 rebus,
322 3051 395 3111 quas
408 3033 514 3104 refert,
530 3043 816 3112 contemporaneus,
831 3043 894 3094 turn
909 3035 988 3112 quod
1003 3035 1068 3112 ejus
1079 3036 1207 3097 libcrrt·

137 3126 243 3200 coptus
260 3120 316 3179 fuit
332 3127 366 3178 ut
380 3137 468 3182 sacer
486 3138 521 3181 ca
539 3126 644 3192 aetate,
659 3138 716 3198 qua
735 3129 818 3182 certa
830 3121 939 3181 notitia
953 3122 992 3183 de
1005 3122 1088 3185 illius
1101 3119 1207 3187 veraci·
1245 3162 1250 3177 ·

136 3211 199 3267 tate
212 3204 320 3310 haberi
333 3205 466 3268 debebat
479 3209 491 3283 (
504 3206 583 3266 conf.
598 3207 731 3268 mdia-56
746 3216 776 3268 ct
788 3208 937 3288 tillia.)

395 3340 525 3410 SLHIX.
538 3369 567 3380 -
575 3347 752 3407 Argumentum
762 3347 785 3394 ll
798 3345 856 3394 libri
868 3346 956 3394 Esdrae.

173 3466 244 3524 239.
257 3462 436 3537 Nehemias,
451 3462 529 3526 filius
549 3467 680 3539 Heleia,
696 3468 872 3529 Artaxerxis
885 3466 966 3545 regis
977 3466 1138 3528 Persarmn
1149 3467 1210 3548 pin·

136 3569 243 3625 cerna,
263 3551 365 3612 audita
386 3552 561 3612 Judaeorum
580 3571 596 3613 c
617 3554 804 3632 captivitate
818 3553 1008 3616 residuorum
1033 3553 1208 3627 afflictione,

136 3641 176 3701 ab
192 3641 360 3699 Artaxerxe
380 3637 528 3715 vigesimo
546 3638 628 3700 illius
648 3640 770 3717 imperii
788 3658 867 3701 anno
884 3641 1027 3719 impetrat
1042 3639 1210 3702 facultatem

137 3724 378 3803 Hierosolymam
391 3725 582 3797 revertendi,
596 3724 735 3803 hancque
750 3728 856 3788 urbcrn
868 3724 1025 3786 muniendi
1035 3770 1045 3797 ‚
1054 3727 1155 3789 munit
1164 3742 1211 3788 au·

137 3815 199 3868 tem
220 3826 286 3869 eam
298 3810 407 3870 urbem
418 3826 480 3870 non
494 3810 684 3873 obstantibus
698 3812 923 3891 impedimentis
936 3829 953 3872 a
966 3812 1145 3875 Judaeorum
1156 3810 1211 3873 ini·

137 3894 226 3954 micis
244 3894 397 3974 adpositis.
411 3897 482 3957 Post
495 3897 656 3959 duodecim
668 3915 764 3960 annos
773 3901 858 3979 juxta
870 3899 1016 3981 promissa
1027 3901 1211 3979 Babylonem

135 3995 275 4042 reversus
295 3990 354 4059 est,
368 3992 401 4046 ct
418 3991 487 4064 post
504 3984 606 4064 plures
623 4002 717 4046 annos
734 3987 888 4049 licentiam
904 3994 1009 4047 nactus
1026 3988 1119 4047 estin
1131 3998 1211 4049 stam

136 4063 267 4155 patriam
282 4069 445 4147 redeundi,
457 4071 512 4133 ubi
529 4077 593 4133 tum
605 4071 843 4153 profanationem
855 4071 1013 4148 sabbathi,
1027 4073 1211 4139 decimarum
