2708 4846
483 455 667 505 elaeonem
685 457 883 508 stenonun.
1175 459 1220 508 att

142 545 318 605 somniasse.
337 547 375 604 Et
388 563 427 606 en
440 565 498 625 quo
516 551 632 610 recidat
651 559 713 610 tota
726 552 857 612 auctoris
875 552 1035 632 explicatio
1049 551 1088 614 de
1102 553 1219 614 visione

142 631 312 691 Zachariae!
324 643 361 689 ca
370 649 461 692 taso...
478 632 555 694 disce
568 653 674 696 omisca.

258 787 661 855 gmnxv1.-nsssoneuonun
672 795 698 842 c.
709 795 795 843 mla.
808 796 831 856 r,
843 796 909 857 r-rr,
920 797 979 844 nuc.
990 797 1014 857 a,
1025 797 1107 846 asae.

178 934 252 989 eso.
271 932 477 1012 Bolingbrock
495 936 609 1014 aliique
630 938 760 1006 Deistae,
774 938 929 998 lulianum
944 940 1156 1017 imperatorem
1170 958 1220 1002 se·

140 1014 220 1083 euti,
240 1015 326 1074 aiunt
341 1017 535 1095 genealogias
554 1019 628 1076 Jesu
643 1018 756 1080 Christi
778 1017 901 1093 (Matth.
917 1020 949 1088 l,
962 1018 1043 1088 l-l7,
1058 1027 1090 1078 et
1104 1023 1176 1082 Luc.
1188 1022 1216 1093 5,

140 1096 317 1173 mmihi
325 1100 551 1171 contradicere3
564 1101 765 1162 Matthaeuma
777 1121 808 1162 v.
819 1101 908 1161 tinen
918 1098 1045 1180 amplius
1055 1107 1218 1166 convenire

142 1199 213 1245 eum
232 1184 314 1245 Luca
338 1183 398 1244 nisi
422 1185 456 1243 in
478 1184 643 1245 Salathiele
664 1193 695 1245 et
715 1187 920 1256 zorobabele,
935 1185 1020 1264 juxta
1045 1186 1220 1250 Matthaeum

141 1275 261 1346 patrem
273 1267 400 1349 losephi
414 1285 481 1328 esse
492 1270 655 1341 iacobum,
670 1278 702 1330 et
711 1269 795 1346 juxta
807 1273 918 1331 Lucam
927 1271 1009 1331 lleli.

176 1355 294 1414 Vermu
310 1360 438 1431 uterque
454 1355 647 1434 Evangelista
664 1357 754 1416 aliam
767 1357 887 1437 scripsit
903 1359 1127 1437 genealogiam,
1140 1361 1218 1420 Mat·
1325 1425 1329 1432 ,

141 1439 239 1500 thaeus
257 1456 367 1516 nempe
385 1441 482 1499 texuit
499 1439 708 1519 genealogiam
729 1443 895 1502 naturalem
913 1443 1056 1522 losephi,
1077 1452 1109 1504 et
1124 1447 1218 1508 Lucas

140 1525 352 1603 genealogiam
375 1525 494 1593 Mariam
516 1532 643 1601 uterque
663 1535 762 1586 autem
782 1528 973 1606 Evangelista
990 1529 1098 1606 pmbat
1112 1531 1217 1591 Jesmu

140 1611 329 1671 Nararenum
350 1609 537 1670 descendere
559 1627 576 1669 a
597 1611 723 1671 Davide.
744 1612 904 1672 Matthaeus
924 1615 1060 1690 proxime
1080 1617 1217 1677 scribens

99 1756 104 1767 ,
139 1714 196 1773 pro
218 1695 356 1757 liebraeis
375 1713 436 1755 non
457 1696 666 1774 genealogiam
682 1698 785 1756 ltlariae
804 1697 856 1756 sed
878 1699 1004 1776 losephi
1018 1699 1163 1772 coniecit,
1178 1718 1216 1761 eo

140 1781 221 1859 quod
238 1780 318 1860 apud
336 1781 484 1841 Hebraeos
502 1781 594 1840 moris
612 1798 673 1840 non
687 1788 752 1840 erat
768 1782 911 1841 mulieres
923 1783 1106 1841 constituere
1117 1785 1216 1862 capita

139 1866 395 1945 genealogiarum.
417 1865 494 1927 Cum
516 1871 617 1922 autem
640 1863 790 1942 losephus
813 1880 851 1922 ex
870 1864 977 1924 eadem
999 1865 1112 1924 familia
1137 1875 1216 1927 esset

139 1967 175 2010 ac
188 1951 298 2022 Maria,
309 1949 468 2011 Matthaeus
479 1965 536 2029 per
546 1948 756 2027 genealogiam
765 1947 892 2026 losephi
905 1965 1029 2028 scopum
1040 1967 1126 2010 suum
1136 1953 1217 2013 ohti-

138 2033 243 2096 nebat.

176 2130 227 2191 Ad
248 2135 443 2209 apparentem
459 2147 533 2189 vero
551 2129 725 2208 antilogium
739 2130 820 2189 inter
832 2129 1026 2207 genealogias
1037 2128 1173 2189 Matthaei
1185 2138 1216 2191 et

139 2216 231 2276 Lucae
250 2215 430 2284 tollendam,
444 2216 587 2293 Exegelae
601 2215 704 2292 plures
718 2213 1131 2293 excogitarunthypotheses,
1145 2233 1216 2292 qua-

138 2316 209 2358 rum
217 2299 381 2377 precipuas
391 2298 442 2359 hie
455 2300 591 2359 breviter
603 2300 777 2360 releremus.

176 2384 251 2443 255⁷.
272 2383 382 2443 Prima.
401 2383 500 2443 Julius
518 2382 691 2455 Africanus,
706 2386 836 2464 scriptor
850 2385 976 2447 secundi
993 2386 1110 2457 seculi,
1124 2405 1214 2464 mem

137 2468 227 2528 multi
242 2467 346 2528 Patres
361 2467 458 2527 secuti
476 2475 559 2538 suut,
573 2469 606 2527 in
619 2471 753 2547 Epistola
766 2471 804 2530 ad
821 2470 1006 2532 Aristidem'
1022 2473 1149 2547 primam
1160 2472 1215 2550 by-

138 2553 291 2632 pothesim
309 2554 423 2613 stabilit
430 2571 438 2624 ;
465 2553 580 2613 adserit
605 2556 781 2614 blatthaeum
801 2558 983 2625 naturalem,
1009 2557 1119 2615 Lucam
1140 2574 1213 2616 vero

137 2633 271 2714 legalem
291 2633 417 2710 Josephi
441 2633 650 2712 genealogiam
672 2636 843 2712 scripsisse,
862 2636 1005 2710 additque
1030 2652 1063 2694 se
1083 2652 1161 2706 rem,
1181 2643 1215 2696 ut
1264 2677 1270 2687 ·

137 2722 288 2799 sequitur,
302 2722 464 2798 acognatis
477 2721 552 2777 Jesu
564 2719 726 2796 accepisse.
739 2718 861 2778 ltlathan
875 2719 996 2794 (blattb.
1009 2719 1041 2786 l,
1057 2718 1108 2795 lli)
1123 2719 1214 2779 Estah

117 2806 171 2876 ¹in
195 2823 321 2866 uxorem
340 2806 488 2873 duxisset,
511 2821 548 2863 ex
566 2820 625 2878 qua
646 2805 856 2880 progenuisset
873 2804 969 2862 Jacob
994 2802 1118 2878 (ltlattb.
1136 2804 1212 2876 ib).

136 2891 256 2951 Mortuo
275 2889 399 2950 Mathan
410 2888 501 2948 Estah
518 2882 666 2965 nupsisset
679 2886 794 2946 hluthat
811 2887 899 2961 (bue.
915 2886 943 2955 5,
957 2886 1025 2961 25),
1041 2903 1078 2945 ex
1090 2904 1149 2963 quo
1160 2886 1214 2946 ha-

137 2976 256 3038 buisset
272 2975 342 3037 lleli
360 2975 434 3050 (loc.
447 2974 532 3048 cit.);
546 2989 639 3048 quare
653 2973 751 3032 Jacob
764 2980 795 3031 et
808 2973 878 3032 Heli
892 2990 930 3031 ex
943 2980 1028 3049 parte
1040 2973 1144 3033 matris
1154 2971 1210 3033 lra-

136 3067 201 3121 tres
212 3067 310 3121 erant.
325 3059 395 3118 lleli
409 3075 534 3117 uxorem
548 3056 699 3124 duxisset,
713 3056 767 3117 sed
779 3074 848 3116 eum
860 3057 926 3116 sine
937 3056 1043 3115 liberis
1056 3056 1213 3118 defunctus

136 3152 233 3217 esset,
246 3146 343 3205 Jacob
362 3143 425 3221 ejus
438 3144 531 3204 irater
543 3141 625 3200 illius
644 3142 766 3201 viduam
776 3142 860 3218 juxta
872 3144 961 3201 Dent.
974 3139 1021 3206 iti,
1033 3139 1051 3197 a
1064 3141 1094 3197 in
1108 3139 1214 3215 conju·

136 3246 209 3311 gem
220 3230 397 3309 accepisset.
410 3229 522 3289 linhac
540 3256 578 3285 m
595 3227 667 3286 lleli
679 3227 770 3286 vidua
778 3227 875 3287 Jacob
885 3226 1039 3304 genuisset
1048 3222 1213 3301 Josephum

135 3316 237 3376 virtum
249 3316 369 3384 Mariam
382 3314 511 3394 proinde
533 3312 659 3392 Josephi
677 3320 764 3390 pater
780 3313 923 3372 naturalis
940 3310 1043 3370 luisset
1055 3309 1162 3378 Jacob,
1173 3309 1213 3370 de

136 3418 198 3479 quo
211 3401 344 3478 loquitur
354 3400 523 3468 Matthaeus,
535 3408 567 3459 et
578 3399 696 3477 legalis,
706 3415 759 3459 seu
771 3414 861 3477 quem
870 3399 921 3464 lex
930 3400 1060 3459 mosaica
1069 3411 1214 3476 agnosce·

135 3486 207 3559 hat,
220 3487 308 3556 Heli,
323 3486 362 3547 de
375 3503 433 3563 quo
445 3486 580 3563 loquitur
592 3488 696 3546 Lucas.

173 3581 233 3641 Ast
255 3579 326 3640 huic
350 3580 512 3657 hypothesi
537 3581 637 3639 obstat
663 3579 704 3648 l⁰,
728 3578 809 3655 quod
831 3579 1014 3638 incredibile
1041 3583 1086 3636 est
1103 3577 1214 3634 Lucam

135 3665 271 3727 voluso
294 3665 481 3734 Gentilibus,
501 3681 556 3743 pro
577 3664 686 3741 quibus
704 3666 839 3740 proxime
860 3664 1027 3731 scribebat,
1050 3660 1213 3720 obtrudere

134 3750 348 3829 genealogiam
368 3749 513 3827 legalem,
531 3765 619 3826 quam
635 3748 808 3824 intelligere
825 3765 885 3806 non
903 3745 1213 3825 poterant32⁰1n0m

133 3833 166 3908 b,
179 3833 233 3905 51,
247 3833 299 3904 59,
311 3834 358 3906 56,
369 3834 420 3905 57,
434 3841 492 3894 etc.
506 3842 606 3913 patres
618 3832 770 3892 naturales
782 3840 935 3901 recenset;
946 3850 1018 3891 num
1031 3831 1075 3892 ib.
1088 3851 1118 3891 v.
1128 3831 1164 3889 id
1174 3830 1213 3891 de

133 3926 225 4000 patre
247 3919 338 3998 legali
359 3919 477 3979 locutus
496 3917 616 3988 fuisset,
630 3919 705 3996 quin
725 3917 759 3977 id
779 3917 960 3978 indicasset?
980 3915 1111 3976 5⁰nu11u
1129 3915 1214 3976 adest

120 4083 126 4095 .
166 4038 428 4101 tumeo.,1.t,e.e.
