2708 4846
148 486 196 532 itio
439 487 484 533 DE
503 488 620 535 rexit]
639 488 681 534 ET
700 486 945 536 veustonntvs

147 577 285 722 Ffflrffi
297 578 454 722 Nphemia.
468 580 525 639 Ast
543 578 591 640 lrae
601 580 715 640 ultimae
729 579 930 659 paraphrases
940 586 1067 641 scatent
1079 577 1187 641 tabulis
1200 585 1226 640 et

147 679 165 721 a
208 683 219 720 1
283 679 321 722 en
338 681 373 723 rs·

255 785 272 851 3
282 788 483 836 xiii-versio
493 788 589 848 syriaca
598 788 726 849 ammte,
736 788 840 849 aliaque
850 786 988 836 versiones
998 787 1113 848 syriace.

181 899 253 951 2398.
264 896 372 956 Versio
380 897 498 974 syriaca
508 895 659 963 Peschito,
669 895 703 955 id
713 903 759 956 est
770 895 900 973 simplex
911 913 969 956 seu
981 895 1131 956 litteralis
1142 893 1224 964 dicta,

145 977 310 1038 secundum
328 986 444 1038 textum
462 976 620 1037 hebraeum
641 977 718 1037 iacta
738 985 784 1038 est
807 978 846 1037 ab
870 977 1051 1037 auctoribus
1074 978 1225 1055 anonymis
1270 962 1279 1005 ⁴

142 1063 225 1140 jutta
241 1065 402 1124 nonnullos
415 1081 480 1125 aevo
498 1064 679 1135 Salomonis,
692 1062 777 1140 juxta
797 1064 872 1125 alios
892 1071 1037 1144 tempore
1050 1063 1226 1124 destructio·
1264 1042 1279 1141 1

144 1151 192 1209 nis
202 1150 289 1239 regni
303 1150 474 1220 israelitici,
490 1157 521 1209 et
529 1148 613 1225 juxta
624 1150 700 1208 alios
713 1156 801 1209 aetate
815 1148 966 1210 Thaddaei
985 1148 1143 1226 Apostoli.
1158 1146 1225 1209 litut

144 1243 261 1296 constat
277 1253 344 1296 eam
355 1253 420 1295 esse
430 1236 683 1312 antiquissimam,
697 1236 807 1296 saeculo
821 1243 928 1312 quarto
942 1236 981 1296 ab
1008 1233 1149 1313 Ephrem
1157 1236 1223 1312 Syro

143 1328 178 1381 ut
189 1322 250 1382 late
262 1331 364 1382 notam
376 1323 504 1400 positam
511 1321 616 1392 luisse,
631 1330 722 1400 atque
733 1321 766 1381 in
783 1322 939 1400 primitiva
949 1319 1094 1382 Ecclesia
1107 1322 1224 1380 manna

142 1407 176 1464 in
199 1409 396 1466 venemtione
419 1406 530 1476 inisse3
556 1424 649 1484 quare
662 1407 770 1468 saltem
791 1406 903 1467 saeculo
925 1405 1066 1466 seeundo
1093 1404 1222 1466 coniecta

143 1491 234 1550 luisse
253 1491 386 1551 videtur.

178 1579 258 1637 Fons
277 1577 427 1636 versionis
444 1577 570 1653 syriacae
590 1574 732 1637 Peselrito
755 1582 801 1635 est
819 1583 919 1636 textus
943 1573 1107 1650 hebraeus,
1130 1584 1164 1638 nt
1180 1576 1223 1638 rel

142 1669 226 1739 patet
246 1679 284 1722 ex
303 1663 396 1722 variis
409 1662 605 1731 lectionibus,
630 1678 697 1737 qum
714 1660 810 1722 solum
832 1677 870 1719 er
888 1659 949 1720 lroc
970 1668 1059 1721 textu
1085 1662 1221 1743 explicari

142 1755 274 1825 possmrt.
293 1744 441 1807 Adfluitas
454 1746 536 1805 illius
548 1763 618 1806 cum
638 1746 779 1805 versione
792 1744 1002 1805 Alexandrina
1015 1747 1130 1823 probat
1148 1747 1221 1807 illius

142 1840 280 1893 auctores
292 1834 464 1893 versionem
476 1833 555 1891 Lxx
568 1834 771 1908 interpretum
784 1829 984 1891 consuluisse.
1001 1832 1101 1892 Varia
1111 1849 1181 1893 vero
1193 1833 1221 1891 in

141 1919 234 1978 variis
259 1918 346 1978 libris
363 1916 585 1996 interpretandi
607 1918 683 1976 ratio
697 1916 813 1976 evincit
833 1914 912 1975 hane
934 1917 1116 1978 versionem
1129 1919 1222 1998 plmes

141 2013 280 2065 auctores
291 2005 416 2064 habere.
431 2005 582 2067 Ceterum
597 2005 698 2064 versio
714 2002 780 2063 haec
798 2002 880 2063 hona
893 2010 948 2064 est

178 2091 288 2149 Extant
300 2091 366 2149 aliae
379 2090 535 2149 versiones
545 2090 686 2167 syriacae,
698 2106 765 2167 quoe
779 2104 817 2146 ex
829 2089 973 2149 versione
984 2091 1068 2151 LXX
1078 2093 1221 2164 interpre-

141 2182 206 2233 tum
223 2183 412 2243 emanarunt,
426 2182 460 2234 ut
472 2177 572 2234 versio
585 2177 700 2253 syriaca
713 2173 897 2251 hexaplaris,
908 2176 1022 2235 saeculo
1032 2179 1159 2257 septimo
1171 2192 1219 2234 ve-

141 2259 310 2318 risimiliter
326 2260 404 2318 iacta
418 2257 502 2333 juxta
517 2267 629 2319 textum
647 2258 840 2339 hexaplarem
858 2259 1021 2338 Origenis,
1047 2260 1220 2321 Philoxeuia

141 2359 246 2401 versus
262 2342 353 2401 finem
371 2343 474 2402 saeculi
488 2345 585 2419 quinti
598 2351 683 2413 nata,
706 2352 737 2403 et
750 2342 875 2422 figurata
896 2344 948 2404 vel
970 2347 1219 2426 paraphrastieae

140 2423 250 2482 saeculo
269 2424 360 2482 tertio
376 2424 426 2483 vel
439 2431 544 2500 quarto
557 2423 765 2496 descendens,
781 2432 813 2485 et
826 2426 939 2486 saeculo
952 2435 1065 2489 octavo
1079 2437 1217 2490 correcta.

410 2543 793 2612 §xxv-versuramnrum
811 2518 956 2599 osannae.

177 2657 250 2712 899.
263 2656 372 2717 versio
383 2657 561 2717 samaritana
575 2658 775 2719 Pentateuchi
790 2659 830 2718 ab
848 2665 974 2720 auctore
997 2674 1151 2737 anonymo
1170 2660 1218 2722 (liu

140 2749 212 2800 ante
225 2742 368 2802 saeeulum
388 2743 550 2821 septimum
577 2742 655 2802 iacta
679 2751 738 2812 est;
765 2742 904 2820 seqnitur
925 2749 1046 2804 textum
1070 2745 1217 2807 hebraeum

140 2826 393 2886 Samaritanonrm
415 2828 454 2887 ad
474 2828 617 2886 litteram.
638 2829 673 2886 in
688 2826 1031 2904 anthropomorphismis
1049 2839 1167 2903 autem,
1190 2840 1216 2892 et

139 2911 196 2970 Dei
208 2912 461 2989 apparitionibus,
475 2930 587 2972 nornen
595 2913 652 2972 Dei
674 2930 730 2990 per
743 2911 886 2991 angelmn
895 2912 955 2973 Dei
969 2917 1133 2997 exprimit,
1144 2915 1213 2996 quod

140 2996 334 3057 samaritanis
346 3015 407 3058 non
416 2998 537 3059 videtur
548 2999 641 3058 fuisse
654 2998 813 3059 familiare.

175 3083 564 3162 Versi0,autParaphrasis
580 3086 701 3144 arabica
710 3085 909 3147 pentateuchi
920 3089 1084 3148 aclsaiaea
1105 3092 1144 3149 li.
1156 3092 1214 3150 Sar-

139 3166 191 3226 ‹lia
207 3166 396 3244 Pirijumeusi
414 3172 574 3248 AEgyptio,
595 3170 706 3231 sarculo
726 3186 806 3230 nono
819 3169 905 3247 juxta
926 3177 1047 3234 textum
1068 3171 1215 3236 hebraerm

139 3252 277 3313 coniecta
286 3261 342 3314 cst.

175 3341 262 3398 Extat
276 3339 374 3398 adhuc
388 3340 489 3399 versio
500 3341 620 3400 arabica
634 3340 834 3403 Pentateuchi
843 3357 911 3420 qnae
925 3341 1065 3404 aiudaeo
1078 3345 1214 3407 Africano

137 3425 247 3483 saeeulo
261 3426 350 3483 tertio
363 3424 481 3486 decium
491 3428 671 3487 concinnata
683 3426 805 3488 videtur
816 3445 826 3499 3
839 3438 946 3507 presso
958 3431 1101 3506 sequitur
1108 3439 1215 3492 tertm

138 3524 346 3586 originarium·
1031 3514 1034 3526 '

173 3596 283 3654 Extant
295 3596 418 3673 insuper
427 3597 581 3657 versiones
593 3597 736 3667 arabicae,
749 3615 817 3675 quae
830 3615 868 3659 ex
885 3599 1006 3676 syriaco
1019 3601 1216 3672 Pesolrito,et

138 3697 176 3740 ex
188 3681 327 3742 versione
340 3683 530 3759 graecaixx
548 3685 750 3760 interpretum
768 3683 971 3745 descendunt.

171 3807 398 3876 §iiiiii-versio
409 3813 517 3873 persico,
527 3813 670 3874 ethiopica,
683 3815 831 3876 aegyptiaca,
848 3815 989 3865 armeuiaca
999 3819 1186 3869 etseurontcr.

174 3920 246 3974 000.
256 3920 376 3981 Persica
394 3921 493 3981 versio
506 3921 720 3991 Pentateuclri,
734 3922 766 3982 in
783 3922 962 4001 Polyglottis
973 3926 1215 3989 Londinensitm

137 4009 255 4073 extans,
271 4004 310 4060 ob
330 4005 492 4065 dialectum
514 4007 716 4065 recentiorem
735 4007 845 4067 saeculo
867 4008 991 4071 decimo
1009 4029 1076 4072 non
1100 4012 1216 4075 vitietur

135 4087 285 4157 anterior,
297 4086 381 4164 juxta
394 4098 507 4151 textum
520 4090 675 4151 hebraeum
694 4092 872 4153 concinnata
883 4104 940 4154 est.
