2708 4846
148 446 195 495 lto
556 443 600 491 DE
620 440 818 492 sustinuero

148 535 748 616 vixitcombloyselbmn.l,7;2,5)‚et
758 533 931 597 salmonem
939 533 1022 595 inter
1032 532 1193 597 aebavideo

147 624 203 684 too
217 623 289 684 anni
307 622 401 700 elapsi
417 630 487 683 suret
501 623 558 699 (ΙΙΙ
574 623 652 702 Reg.
665 622 699 692 o,
712 622 756 698 Ι).
781 622 898 682 Auctor
916 637 990 682 vero
1008 619 1083 680 libri
1102 618 1195 681 lietba

147 710 287 770 Salmone
300 727 392 788 mque
404 708 443 770 ad
453 708 601 769 Davidem
617 708 738 770 nonnisi
748 714 876 785 quatuor
889 705 1104 787 generationes
1112 722 1195 769 roeeo·

146 803 202 855 set.
217 795 370 872 Quaeritur
388 796 491 873 itaque
503 803 603 855 utrum
613 794 720 856 Rahab
736 794 885 856 Salmonis
896 810 987 864 uxor,
1000 793 1042 854 sit
1052 792 1104 853 illa
1115 792 1195 854 udal
1236 804 1239 875 l

146 881 347 952 Jericbuntis,
366 881 405 943 de
417 899 476 960 qua
490 883 584 943 Josue
607 879 645 958 (2
658 889 689 942 et
699 881 732 958 6)
744 879 846 958 (Conl.
859 898 891 941 n.
904 878 959 939 lto
972 879 1091 957 nomm)
1107 885 1195 959 etque
1236 880 1239 921 ¹

145 968 235 1029 modo
248 976 375 1046 quatuor
389 970 601 1047 generationes
614 967 671 1030 ddi)
681 968 768 1029 annis
779 964 915 1028 sufficere
927 965 1061 1045 possint?
1236 930 1239 1031 1

182 1056 242 1132 Qui
255 1055 481 1135 negantRahab
491 1054 677 1116 Jeriehrmtis
688 1071 754 1116 csse
763 1051 911 1115 Salmonis
920 1068 1049 1114 uxorem
1063 1052 1195 1116 difficile
1236 1038 1239 1125 l

146 1148 208 1202 tem
217 1143 343 1203 minime
354 1143 461 1202 tollunt
468 1149 569 1213 ;eerte
581 1140 645 1219 ejus
657 1148 793 1220 tempore
804 1139 937 1211 vixit,et
946 1139 1033 1219 juxta
1045 1140 1195 1203 communis
1236 1132 1239 1199 l

145 1229 251 1288 simam
262 1229 442 1289 sententiam
455 1227 603 1289 Salmonis
615 1225 799 1304 conjuxluit.
1234 1216 1239 1339 ¹

183 1315 245 1374 Alii
259 1323 391 1375 statuunt
401 1314 562 1374 tresluisse
573 1315 668 1384 Booz,
685 1314 814 1391 primum
827 1309 921 1373 [ilium
932 1312 1096 1386 Salmonis,
1111 1330 1194 1379 seem

146 1401 218 1462 dum
230 1401 445 1479 ejusnepotem
456 1408 488 1460 ot
498 1401 620 1460 tortium
629 1400 710 1462 illius
720 1405 919 1481 pronepotem
927 1400 1069 1463 muitum
1079 1402 1194 1478 nudat
1219 1454 1224 1465 .

144 1494 260 1566 patrem
272 1487 384 1549 Obedi.

182 1574 337 1654 Quidquid
353 1575 407 1644 sit,
420 1580 548 1651 quatuor
558 1574 769 1653 generationes
782 1590 799 1633 a
818 1574 958 1635 Salmone
968 1590 1064 1653 resque
1075 1575 1113 1639 ad
1124 1574 1196 1639 bart

145 1659 216 1722 dem
227 1679 288 1721 non
300 1658 465 1731 sufficiunt,
478 1658 533 1719 sed
544 1677 603 1720 nec
617 1658 764 1720 sufficient
776 1660 801 1719 si
817 1659 923 1719 Rahab
938 1659 1088 1725 Salmonis
1099 1661 1195 1724 deero

144 1746 185 1806 sit
195 1763 212 1805 a
222 1745 328 1806 llabab
341 1743 538 1821 Jeriehuntis.
552 1744 654 1819 Quare
667 1744 790 1804 omnino
803 1745 969 1806 verisimile
988 1754 1051 1819 est,
1066 1754 1194 1810 auorum

143 1830 217 1892 libri
225 1831 305 1893 Ruth
315 1848 400 1892 more
412 1830 613 1892 Orientalium
624 1849 685 1892 non
696 1832 883 1892 recensuisse
893 1849 998 1893 omnes
1008 1835 1194 1912 generationes

143 1935 238 1996 usque
250 1916 288 1978 ad
297 1917 461 1987 Davidem,
474 1916 530 1978 sed
542 1916 727 1978 solummodo
740 1933 805 1986 eas,
816 1933 882 1994 quae
893 1919 1074 1981 necessariae
1087 1918 1195 1983 erantrl

144 2004 364 2065 ostendendum
372 2003 705 2064 DavidemaNaassone
715 2003 1195 2081 persumonemauibutuoada

110 2146 113 2151 .
144 2088 1192 2167 cendere.S.b1atbaeus(l,5)idemiecissecreditur.Conl.ldattb.l,t

173 2245 214 2293 llll
228 2244 326 2294 Llllltls
341 2244 485 2293 sublibus
499 2245 537 2292 El·
553 2244 669 2307 REGUll,
684 2245 739 2294 SEU
754 2247 795 2293 bs
810 2245 952 2306 Quaestus
966 2248 1068 2301 muts
1080 2248 1176 2303 aaut!

293 2361 378 2429 gild.
390 2387 419 2400 -
429 2363 522 2425 Lingua
533 2366 559 2412 et
568 2364 653 2414 auctor
663 2364 782 2414 librorum
792 2365 915 2416 Samuelis
925 2366 952 2417 et
962 2368 1069 2432 Regum.

181 2506 251 2561 tao.
276 2505 289 2564 Ι
310 2510 342 2565 et
361 2506 388 2565 ll
409 2504 489 2567 liber
500 2507 618 2586 Regum
632 2507 671 2567 ab
684 2505 822 2568 Hebraeis
843 2507 949 2585 Scplur
961 2508 1195 2583 Sembobitin

142 2590 282 2654 Samuelis
295 2600 518 2671 nuncupantur,
536 2591 617 2671 quod
634 2594 673 2654 ab
686 2591 750 2671 ejus
759 2593 910 2655 natalibus
922 2594 1082 2658 ordiuntur
1094 2595 1194 2675 aime!

142 2685 226 2758 gesta
245 2680 325 2741 inter
341 2680 399 2740 alia
414 2687 584 2742 recensent.
597 2684 637 2740 ΙΙΙ
655 2688 687 2743 ct
707 2682 749 2740 IV
762 2681 842 2742 liber
857 2683 976 2761 Regum
998 2685 1194 2765 antiquiordtto

141 2765 256 2827 ludaeis
269 2766 448 2828 dicebantur
458 2768 552 2828 Liber
561 2766 737 2838 Molocba'm,
746 2770 870 2846 Rapum,
879 2769 960 2846 quod
970 2786 1079 2849 regum
1087 2770 1196 2833 suono

142 2854 353 2932 lsraelisgesta
362 2855 394 2914 in
405 2855 444 2915 iis
456 2855 626 2915 reseruntur
637 2855 738 2931 (Coni.
748 2872 830 2915 num.
844 2855 890 2932 7).
904 2855 996 2917 Modo
1006 2858 1130 2921 Hebraei
1139 2858 1195 2923 dm

140 2940 257 3020 priores
268 2941 361 3003 libros
376 2942 494 3020 Regum
510 2942 650 3004 dividunt
661 2943 693 3003 in
708 2945 721 3002 1
735 2950 766 3003 et
783 2944 811 3002 ll
831 2943 993 3017 Samuelis,
1012 2952 1048 3007 et
1061 2947 1135 3011 duos
1146 2962 1195 3028 pot
1237 3010 1239 3031 ,

141 3034 222 3090 teros
237 3029 270 3089 in
290 3030 303 3088 Ι
321 3034 353 3089 et
369 3030 396 3087 ΙΙ
416 3029 544 3108 Regum.
565 3030 645 3089 LXX
664 3031 850 3108 interpretes
865 3030 1021 3110 adpellant
1036 3050 1140 3099 omnes
1154 3030 1194 3095 lu

140 3122 267 3193 quatuor
276 3116 387 3185 libros,
404 3123 438 3174 ut
449 3116 592 3194 Vulgata,
606 3114 822 3195 librosllcpum.
1237 3124 1239 3143 ¹

176 3202 288 3281 Scripti
301 3203 423 3265 fucnmt
436 3202 551 3262 bilibri
569 3202 673 3283 lingua
693 3203 851 3277 hebraica,
863 3204 918 3266 sed
931 3205 1036 3270 verbis
1052 3204 1194 3273 chalmi

139 3288 297 3365 pennixta.

176 3375 246 3431 lut.
256 3372 353 3434 Cuml
366 3381 397 3434 ot
405 3375 431 3433 ΙΙ
441 3374 521 3434 liber
529 3376 646 3454 Regmn
655 3376 693 3436 ab
704 3378 843 3440 Hebraeis
851 3377 1195 3447 inuersamuelisroooe

138 3468 201 3530 tur,
214 3458 334 3520 Samuel
339 3467 372 3518 ut
384 3477 486 3519 eorum
496 3470 600 3524 auctor
608 3462 681 3522 olim
690 3465 889 3525 communiter
897 3464 1017 3529 habitus
1026 3468 1095 3533 luit.
1100 3470 1195 3531 Vem

138 3564 206 3608 curn
225 3545 345 3607 nonnisi
361 3546 398 3606 il
412 3547 514 3625 priora
527 3550 625 3628 capita
640 3550 730 3627 primi
746 3551 819 3611 libri
842 3553 1014 3615 Samuelem
1033 3556 1194 3635 respiciat.

138 3650 165 3694 e.
178 3632 215 3693 25
226 3630 290 3708 ejus
307 3647 388 3691 mors
406 3640 558 3705 narretur,
577 3634 612 3694 in
626 3634 753 3713 reliquis
764 3637 913 3717 capitibus
931 3639 1020 3700 istius
1031 3640 1123 3716 libri,
1134 3637 1195 3703 atu

137 3726 199 3780 toto
208 3720 288 3780 libro
295 3718 428 3779 secundo
438 3720 606 3781 referantur
613 3737 662 3782 res
670 3723 816 3785 Samuelis
824 3726 1195 3807 mortiposteriorcs,peta

138 3810 201 3864 tum
211 3805 283 3877 luit,
295 3804 333 3863 ab
343 3803 441 3882 prima
453 3806 552 3885 capita
563 3806 653 3887 primi
666 3807 739 3869 libri
752 3827 818 3871 esse
830 3811 993 3885 Samuelis,
1008 3815 1198 3894 reliqueram

136 3889 353 3966 Prophetarum
371 3888 438 3950 Gad
461 3898 493 3951 ct
507 3891 634 3953 Nathan.
651 3893 737 3956 Hanc
756 3897 952 3971 sententiam,
972 3900 1126 3976 quondam
1137 3897 1200 3965 olis

138 3988 342 4047 communem,
369 3982 536 4054 sequuntur
557 3977 783 4042 Thalmudistae.
805 3981 877 4060 Ejus
894 3983 1124 4049 tundamentum
1141 3998 1199 4049 ω

137 4057 270 4135 videtin,
291 4063 372 4142 quod
392 4066 406 4127 1
424 4064 553 4151 Paralip.
571 4066 624 4139 29,
647 4068 685 4131 29
705 4069 817 4131 teritur
834 4089 873 4131 :u
894 4070 987 4135 Gesta
1008 4074 1111 4139 David
1127 4070 1200 4163 mit
