2708 4846
400 478 586 528 hlnltoltutt
605 477 810 530 sncnontln.
1101 479 1152 529 5118

62 569 127 632 illas
144 567 305 630 activitate
320 566 498 648 sphaeraque
510 570 674 631 activitatis
686 569 844 629 hominum
864 584 930 631 esse
945 568 1040 631 multo
1051 569 1148 650 majo·

32 708 36 715 .
62 671 125 728 res3
139 670 236 732 quare
248 652 480 716 Deistaeirustra
492 655 626 736 ipsorum
638 655 1012 734 ignorantiamobjiciunt.

289 791 306 862 s
321 796 416 845 dclxi.
426 798 531 846 -Num
541 797 691 846 Damonlact
701 796 802 847 inerunt
816 796 918 860 teqrotii

97 923 170 979 830.
182 920 250 1003 obj.
261 923 460 984 Recentiorcs
481 923 620 983 nonnulli
634 923 841 1002 interpretes·
862 925 1143 997 canonicosque

60 1007 171 1083 quibus
183 1007 216 1067 in
233 1024 313 1068 novo
326 1007 453 1068 Foedcre
467 1005 501 1066 fit
516 1008 649 1076 mentio,
662 1024 717 1085 pro
731 1008 852 1084 aegrotis
863 1008 1063 1081 naturalibus,
1079 1011 1144 1089 epi·

60 1088 438 1170 lepticisnempe,iuriosis
454 1109 489 1153 ac
504 1090 743 1162 melancholicis,
754 1091 877 1152 habent.
887 1092 1031 1155 Rationes
1040 1111 1144 1157 eorunm

60 1183 129 1237 sunt
732 1187 738 1196 '

96 1259 128 1319 1ο
140 1260 224 1320 AEro
235 1257 350 1320 Christi
363 1261 465 1322 Judaei
484 1278 570 1340 teque
589 1277 625 1322 ac
640 1261 754 1339 Pagani
773 1277 899 1340 magnos
919 1263 1041 1325 morbos
1056 1264 1142 1329 malls

60 1344 160 1424 geniis
181 1359 236 1404 scu
251 1343 446 1406 Daemonibus
463 1345 678 1408 adscribebant
688 1346 711 1418 ⁸,
728 1345 861 1424 hincque
873 1348 1016 1424 gravibus
1029 1349 1144 1412 morbis

60 1429 189 1491 afflictos
207 1429 328 1490 amalis
340 1432 440 1508 geniis
457 1439 582 1492 vexatos
592 1430 644 1493 vel
660 1431 799 1494 obsessos
813 1433 998 1506 credebant,
1014 1435 1144 1516 illosque
1199 1489 1203 1495 .

64 1514 275 1576 Daemoniacos
292 1517 517 1594 nuncupabant.

94 1598 127 1660 2⁰
147 1600 217 1658 Vox
238 1616 337 1672 nep-v.
354 1601 493 1670 Doemon,
516 1618 582 1678 quac
599 1618 617 1660 a
634 1609 701 1672 tate,
723 1619 875 1679 coquosco,
891 1593 1060 1675 derivatur,
1078 1624 1141 1667 non

58 1685 158 1747 solum
169 1683 320 1764 significat
332 1685 509 1755 Diabolum,
531 1686 585 1747 sed
602 1688 694 1746 etiam
706 1688 820 1746 animas
833 1686 1041 1748 detunctorum
1053 1688 1143 1750 deili-

58 1778 210 1842 catorum,
223 1770 333 1846 quibus
345 1770 484 1831 Gentiles
505 1771 621 1831 statuas
638 1771 789 1830 idolorum
810 1771 937 1829 animari
954 1773 1140 1845 credebant3

56 1853 131 1916 hinc
144 1853 254 1915 Paulus
274 1852 349 1915 dicit
369 1856 504 1932 Paganos
522 1851 692 1915 sacrificare
704 1854 905 1922 nemoribus,
917 1871 972 1913 seu
986 1857 1142 1918 animabus

57 1939 295 2002 iilis'hominmn
310 1937 534 2008 deificatorum,
559 1954 632 2014 quas
653 1939 686 1997 in
708 1938 814 1997 statuis
832 1936 982 1997 idolorum
1004 1939 1142 2004 habitare

58 2023 276 2084 existimabant
287 2019 313 2098 (1
327 2023 398 2085 Cor.
414 2022 459 2090 10,
473 2023 520 2082 80.
532 2024 544 2082 l
555 2023 635 2081 Tim.
641 2023 680 2094 lt,
691 2022 717 2081 1.
726 2021 814 2083 Coni.
827 2023 897 2082 Act.
911 2022 957 2092 17,
972 2023 1028 2100 18).
1038 2024 1141 2101 Quare

58 2110 153 2170 ctiam
173 2109 360 2169 Daemoniaci
383 2107 458 2168 dicti
477 2108 598 2168 suerunt
611 2108 662 2184 qui
676 2109 715 2167 ab
728 2108 884 2168 animabus
900 2107 1053 2169 bominum
1063 2129 1142 2191 prae·

55 2194 166 2255 sertim
172 2193 320 2254 maimum
330 2200 362 2253 et
371 2192 507 2254 violenta
516 2200 614 2254 morte
626 2191 852 2263 detunctorum,
866 2199 1016 2270 tamquam
1027 2211 1044 2255 a
1055 2197 1152 2260 iuriis

59 2280 172 2359 agitari
184 2280 377 2360 putabantur.

95 2365 129 2424 8·
145 2367 334 2446 Hypocrates
355 2364 469 2442 aliique
485 2366 599 2427 medici
612 2367 728 2445 antiqui
744 2367 953 2429 Daemoniacos
969 2366 1141 2430 habuerunt

55 2468 114 2531 pro
125 2450 248 2529 aegrotis
263 2447 467 2524 naturalibus,
480 2450 614 2529 ipsisque
628 2451 764 2513 remedia
776 2452 936 2513 sanitatem
949 2453 1140 2514 restituentis

55 2536 318 2617 pmdpserunt.

92 2622 126 2681 8·
145 2621 348 2700 Evangelistae
364 2621 404 2682 de
421 2622 623 2682 Daemoniacis
634 2621 728 2703 locuti
741 2628 810 2681 sunt
823 2620 907 2695 juxta
920 2619 1005 2680 ideas
1021 2625 1136 2702 populi.

93 2705 127 2767 δ’
140 2705 278 2770 Christus
288 2713 319 2766 ct
329 2705 469 2786 Apostoli
479 2704 634 2764 eradicare
646 2705 817 2764 maluerunt
826 2703 1013 2780 perniciosos
1023 2721 1142 2767 errores

55 2791 205 2861 morales,
218 2808 308 2868 quam
320 2791 465 2870 populare
479 2805 514 2848 ac
532 2788 733 2847 inveteratum
749 2785 958 2864 praejudicium
971 2787 1009 2846 de
1021 2789 1142 2851 Daemo-

55 2875 171 2946 niacis‚
185 2876 271 2951 cujus
283 2873 447 2934 eradicatio
460 2871 603 2931 maximas
616 2869 807 2932 difficultates
818 2885 904 2949 passa
915 2869 1029 2941 luisset,
1040 2873 1142 2936 Chris·

56 2967 182 3036 tumque
193 2975 227 3020 ac
236 2958 397 3037 Apostolos
408 2974 425 3016 a
438 2957 530 3017 rebus
539 2954 661 3032 maioris
670 2955 816 3014 momenti
830 2952 1033 3033 impedilsset3
1047 2975 1141 3036 quare

55 3042 196 3108 Christus
208 3060 243 3103 ae
256 3041 396 3122 Apostoli
407 3058 441 3102 se
453 3040 597 3119 populari*
605 3038 781 3118 praejudicio
795 3038 1068 3102 accommodarunt.

94 3125 129 3187 6⁶
140 3127 301 3196 hiiracula,
315 3142 383 3204 quae
396 3125 533 3187 Christus
544 3132 575 3183 et
585 3123 724 3203 Apostoli
736 3121 869 3182 sanando
884 3129 1013 3198 aegrotos
1024 3125 1142 3186 Daemo-

54 3213 163 3274 niacos
175 3211 272 3273 dictos
289 3218 459 3291 patrarunt,
473 3208 551 3268 nihil
568 3209 599 3268 in
617 3208 675 3269 hac
692 3206 853 3287 hypothesi
870 3205 974 3266 desua
990 3210 1137 3286 magnitu-

56 3297 133 3359 dine
152 3314 188 3359 ac
206 3298 386 3378 probatione
398 3314 454 3376 pro
467 3294 581 3359 Christi
594 3293 718 3373 ejusque
738 3291 897 3370 religionis
909 3291 1070 3351 divinitate
1085 3293 1138 3354 de·

137 3389 202 3442 unt.

55 3381 381 3527 petr‘‹·lExistu11tarctlruc
392 3466 515 3543 aegroti,
528 3464 625 3542 quise
638 3479 656 3522 a
667 3462 862 3524 Daemonibus
875 3462 1012 3522 obsessos
1021 3467 1136 3539 putant,

56 3549 105 3612 uti
116 3551 169 3628 qui
182 3568 215 3611 se
228 3551 329 3629 lupos,
344 3567 449 3620 canes,
463 3549 554 3619 icles,
570 3557 642 3619 etc„
656 3565 722 3608 esse
738 3547 919 3607 existimant.

94 3631 128 3694 8⁰
140 3632 203 3696 Cur
211 3636 293 3695 Deus
303 3651 368 3694 aevo
381 3632 495 3694 Christi
503 3633 694 3694 obsessiones
706 3631 908 3711 permisisset,
923 3647 991 3691 cum
1002 3629 1140 3692 Christro

56 3718 194 3779 mando
227 3726 356 3798 aegrotos
383 3717 435 3795 qui
456 3734 473 3776 a
493 3717 687 3778 Daemonibus
708 3714 812 3775 vexari
832 3714 1030 3792 putabantur,
1053 3731 1141 3791 aeque

88 3850 179 3917 ¹Apud
188 3855 221 3903 cl.
231 3853 312 3902 Jahn:
323 3854 442 3902 Arenaci.
453 3853 528 3912 bibl,
540 3867 561 3901 c.
575 3854 616 3912 ta,
626 3849 642 3916 ς
654 3851 708 3912 tat,
718 3851 765 3900 etc.
777 3851 892 3910 Viennae,
906 3849 974 3899 1805.
984 3850 1019 3898 ct.
1030 3848 1140 3912 Schnap-

56 3920 165 3987 mser:
178 3925 210 3972 li.
221 3923 313 3972 Schrlit
323 3924 366 3971 dee
381 3935 407 3971 n.
419 3924 446 3969 8.
457 3923 543 3970 blattis.
554 3923 584 3980 8,
594 3923 633 3969 88.
649 3920 789 3968 herenheim
807 3919 857 3966 und
865 3918 940 3976 hina,
955 3919 1102 3968 18088081.
1114 3925 1140 3969 et

57 3990 93 4043 tl.
107 3992 249 4041 Brentanno
264 3990 398 4038 lizscbriit
412 3990 456 4038 dos
470 4003 495 4038 rr.
515 3991 543 4038 'l'.
554 3991 641 4039 Alattb.
650 3989 679 4049 8,
690 3989 730 4037 88.
742 3987 883 4046 francfurt,
898 3986 967 4036 1798.
979 3984 1030 4024 -²
1041 3989 1078 4036 11.
1089 3991 1139 4039 los.

32 4117 38 4129 ⁸
57 4059 267 4124 manure,
279 4057 363 4107 nno.
374 4071 397 4107 e.
408 4059 437 4119 o,
449 4059 493 4106 tro.
504 4059 529 4117 e,
540 4071 563 4108 c.
574 4058 602 4116 a,
614 4059 639 4107 o.
1002 4122 1030 4166 st
