2708 4846
235 464 284 513 tls
691 455 872 508 treenblx

533 578 550 647 ,ς
565 584 663 633 xxxv.
673 607 704 621 -
713 581 839 631 sacrificia
848 577 1031 629 antemeeatee.

273 721 344 775 ota.
360 717 441 780 Ante
453 717 557 797 legem
569 717 683 794 Moysis
697 717 727 776 in
742 715 855 777 Genesi
871 731 933 775 non
956 711 1164 792 reperiuntur
1174 710 1233 772 nisi
1246 708 1314 771 bole·

235 813 355 873 causta,
368 801 516 864 sacrificia
528 803 743 872 eucharistica,
755 799 940 862 etsaerilicia
952 798 1128 868 loedorum,
1140 805 1231 875 atque
1239 812 1314 878 pauca

236 890 276 951 de
291 907 394 950 eorum
406 890 526 948 ritibus.

273 974 452 1035 Oliorebant
464 974 602 1032 homines
611 974 676 1031 Deo
686 972 865 1048 sanguinem
878 977 909 1030 et
917 986 1031 1031 earnes
1043 969 1244 1030 victimarum
1252 1012 1260 1039 ,
1268 968 1313 1029 rel

234 1058 301 1119 lora
314 1061 435 1129 ovium,
449 1058 563 1118 tructus
574 1067 681 1125 terram
697 1057 758 1126 lac,
770 1059 874 1116 vinum
886 1100 893 1126 ,
907 1062 967 1116 etc.

270 1146 410 1222 Quilibet
423 1162 543 1206 suorum
556 1142 771 1205 sacrificiorum
786 1143 926 1202 minister
938 1147 1026 1215 erat,
1041 1148 1098 1201 aut
1107 1140 1217 1201 saltem
1228 1140 1313 1200 minis·

233 1239 315 1294 tum
332 1234 516 1293 corastituoro
535 1239 663 1310 poterat.
679 1231 843 1293 Ordinatio
857 1239 959 1289 autem
974 1229 1081 1288 bonor
1101 1229 1252 1290 offerendi
1264 1230 1311 1289 bea

233 1316 382 1380 sacrificia
393 1317 587 1378 deferebatur
600 1317 674 1378 viris
688 1316 806 1397 probis,
820 1314 1007 1377 familiarum
1019 1316 1200 1395 capitibus,
1218 1314 1312 1398 prind-

233 1402 323 1481 pibus
339 1420 375 1464 ac
388 1402 611 1483 primogenitis.

447 1535 465 1604 3
478 1539 587 1587 xxxvt.
597 1562 628 1576 -
639 1538 762 1589 semmel·
773 1537 887 1588 munim.
898 1538 990 1587 lterum
1003 1536 1117 1589 Divisio.

270 1660 343 1716 dle.
356 1661 478 1738 Moyses
490 1676 546 1736 per
558 1674 641 1720 suam
653 1660 755 1735 legem
766 1656 912 1721 sacrificia
926 1658 1087 1719 atterenda
1097 1656 1310 1727 determinant,

231 1745 309 1806 ritus
320 1762 357 1805 ex
370 1744 610 1806 Patriarcbarum
623 1742 842 1819 consuetudine
863 1743 1093 1805 descendentes
1108 1761 1176 1805 suae
1196 1744 1254 1823 legi
1271 1758 1312 1803 ac·

231 1829 446 1901 commodavit,
455 1832 613 1906 variosque
623 1830 698 1891 alios
712 1829 955 1897 arlieeit,tun1ne
968 1829 1118 1889 israelitae
1133 1830 1171 1890 ad
1183 1826 1311 1890 sacrificia

232 1914 399 1977 Gentilium
419 1917 510 1977 variis
527 1916 718 1976 eaeremoniis
735 1923 839 1980 oruata
855 1915 1089 1985 relaberentur,
1106 1924 1172 1977 tum
1189 1923 1221 1981 ul
1233 1915 1312 1975 bosco

230 2002 306 2062 ritus
315 2004 427 2082 saepius
440 2003 588 2063 obeuntes
600 2001 699 2079 legem
707 2001 841 2061 divinam
854 2017 914 2060 suae
923 2000 1018 2059 menti
1029 2000 1094 2060 alte
1104 2001 1309 2079 imprimerent,

230 2090 437 2149 reverentiam
461 2089 491 2148 in
515 2090 612 2148 Deum
640 2088 794 2165 animique
815 2085 1036 2166 gratitudinem
1060 2086 1310 2165 palamiacerout,

230 2172 331 2253 legem
342 2174 461 2235 lidelius
473 2175 685 2242 observarent,
701 2180 790 2251 atque
805 2174 845 2232 ita
860 2172 947 2232 navis
956 2172 1019 2231 suis
1030 2173 1264 2253 obligationibus
1277 2188 1312 2231 ex

229 2259 353 2320 datione
366 2261 443 2338 legis
453 2260 612 2338 protectis,
626 2259 768 2321 adcurate
777 2258 997 2320 satisfacerent.
1009 2259 1076 2318 Soli
1090 2258 1311 2320 autemlamiliae

228 2344 375 2413 daronis,
392 2344 494 2403 fratris
509 2344 639 2420 bloysis,
657 2343 756 2403 bonor
770 2342 919 2405 sacrificia
942 2344 1009 2403 Deo
1030 2344 1186 2406 offerendi
1206 2344 1309 2407 deletu

229 2425 296 2487 luit.

266 2510 504 2575 lntersacrilicia
516 2512 594 2591 logis
603 2513 745 2575 llosatcao
766 2516 826 2575 alia
840 2520 928 2576 erant
940 2514 971 2573 l⁰
980 2525 1129 2588 eruenta,
1143 2525 1175 2579 et
1192 2518 1309 2579 l'ietine

227 2614 281 2659 seu
296 2600 407 2659 Hosrte
423 2598 614 2659 dicebantur.
633 2598 681 2660 nd
696 2599 761 2661 baec
777 2598 925 2661 sacrificia
939 2608 1069 2678 quatuor
1083 2602 1241 2665 dumtaxat
1253 2604 1309 2664 ani·

226 2684 351 2745 malium
361 2701 476 2765 genera
488 2694 557 2764 apta
570 2694 672 2755 erant,
684 2685 779 2747 boves
793 2703 918 2764 nempe,
933 2704 1024 2756 oves,
1039 2705 1160 2767 caprae,
1181 2699 1213 2751 et
1224 2689 1309 2751 inali-

226 2772 337 2850 quibus
348 2774 468 2833 casibus
478 2773 517 2833 do
527 2772 700 2834 volucribus
712 2780 857 2842 turtures,
869 2779 900 2832 et
912 2772 987 2851 pulli
1000 2773 1215 2836 columbarum
1227 2778 1306 2853 (len.

227 2858 305 2929 t,a;
320 2858 355 2927 5,
370 2856 419 2918 6-7
426 2878 434 2930 ;
448 2860 500 2929 li,
514 2857 578 2930 t-8;
590 2860 637 2929 lt,
650 2858 698 2919 99.
711 2860 800 2919 Num.
812 2857 847 2929 6,
858 2859 923 2936 lo).
937 2861 1059 2938 Moyses
1068 2862 1138 2923 baec
1147 2864 1307 2925 animalium

225 2957 339 3021 genera
352 2943 384 3003 in
398 2944 535 3004 victimas
548 2944 768 3023 praescripsisse
778 2944 914 3012 videtur,
925 2944 997 3021 quia
1006 2946 1091 3007 Deus
1101 2947 1171 3008 bac
1180 2950 1307 3011 animala

225 3027 399 3089 Abrabamo
422 3031 453 3089 in
472 3030 653 3091 sacrificium
669 3030 779 3091 offerre
799 3038 988 3111 praeceperat
1011 3032 1117 3107 (Gen,
1143 3034 1197 3106 ld,
1220 3035 1307 3111 tte

224 3114 449 3192 verisimiliter,
467 3123 501 3174 ut
516 3117 777 3194 superstitionem,
792 3132 851 3194 qua
863 3116 1005 3194 AEgyptii
1022 3119 1164 3196 gentiles
1175 3121 1317 3202 pleraque

223 3197 293 3263 baec
305 3203 446 3262 animalia
459 3202 768 3281 prosequebantur,e
790 3210 892 3262 mente
913 3203 1122 3267 israelitarum
1141 3210 1303 3291 extirparet

261 3286 416 3348 Animalia
429 3287 670 3347 holocaustorum
683 3288 838 3348 debebant
851 3303 917 3349 osse
931 3289 1065 3351 mascula
1081 3289 1179 3369 (Len.
1195 3294 1305 3376 mi).

223 3374 256 3436 in
268 3375 435 3434 turturibus
449 3390 522 3432 vero
535 3389 569 3433 ac
581 3374 611 3434 in
624 3375 714 3453 pullis
728 3374 934 3435 columbarum
946 3393 1036 3441 sexus
1050 3382 1276 3462 negligebatur.

261 3460 415 3521 Sacrificia
433 3466 557 3520 cruenta
575 3459 1050 3524 subdividebauturinsacrilicia
1063 3468 1305 3545 piacularium

223 3547 256 3608 in
266 3545 412 3608 sacrificia
423 3564 478 3624 pre
488 3554 604 3625 peccato
616 3552 642 3605 et
658 3565 713 3624 pro
723 3547 842 3616 delicto,
856 3554 887 3608 ot
899 3548 931 3607 in
944 3550 1098 3614 sacrificia
1111 3556 1302 3619 eucherium.

260 3632 422 3694 Sacritieiis
437 3651 490 3711 pro
510 3640 636 3712 peceato
654 3633 799 3693 destinati
814 3640 900 3694 erant
912 3634 1059 3712 juvenci,
1086 3638 1186 3715 birci,
1201 3660 1301 3725 capre.

223 3733 310 3787 oves,
325 3727 471 3788 turtures,
486 3733 514 3776 cr
529 3718 603 3796 pulli
617 3717 839 3789 columbarum,
853 3736 908 3799 pro
929 3722 1114 3787 conditione
1135 3728 1301 3790 sacrificinm

223 3802 425 3864 atterentium.
439 3802 592 3864 Sacrilicia
604 3814 705 3864 autern
717 3823 772 3884 pro
781 3805 894 3867 delicto
909 3805 990 3880 iusta
1009 3812 1196 3877 varietatem
1209 3813 1299 3879 delicti

221 3885 335 3949 fiebant
348 3907 384 3949 ex
398 3889 520 3959 ovibus,
535 3889 651 3968 capris,
673 3889 836 3960 arietibus,
850 3892 941 3971 pullis
958 3893 1192 3975 columbarum,
1209 3910 1239 3965 ot
1250 3909 1299 3961 tur·

218 3975 346 4035 turibus.
356 3975 508 4038 Sacrilieia
518 3977 639 4037 taudem
652 3976 853 4040 eucharistica
866 3978 933 4041 fiori
946 3978 1111 4050 dmntaxat
1123 3994 1297 4071 peierantes

218 4062 381 4136 generibus
393 4064 498 4135 boum,
514 4080 671 4143 caprarum
686 4072 717 4125 et
730 4065 843 4127 ovima.
