2708 4846
148 448 198 501 {iao
559 443 605 492 be
619 438 825 493 insusurra

147 536 374 602 hebdomadum
392 536 426 597 in
442 535 602 615 regionem
621 533 753 610 aliquam
770 529 906 600 ruerint,
920 535 952 590 et
963 534 996 589 ut
1012 527 1163 590 israelite
1177 529 1236 593 soli

147 627 245 691 abeis
264 626 297 687 in
313 632 395 686 terra
411 622 528 685 Gessen
547 619 681 700 exempti
698 618 831 679 fuerint?
844 615 1003 694 Quomodo
1020 616 1147 695 Moyses
1165 616 1237 682 istas

148 713 250 799 plagas
261 712 413 793 praescire,
424 706 604 790 praedicere,
615 723 673 786 ope
682 722 746 767 suae
758 704 853 783 virgae
867 702 1047 783 producere,
1059 704 1100 765 ad
1112 705 1235 771 libitum

146 799 336 869 extendere,
349 804 381 860 et
400 795 539 857 oratione
557 794 680 863 tollere,
692 791 870 853 naturaliter
890 789 1003 851 valuit?
1018 790 1171 863 Miracula
1183 790 1233 857 ilia

147 887 225 951 tacta
236 893 307 947 sunt
318 885 358 947 ob
375 881 467 944 finem
478 884 543 943 Deo
554 880 776 960 dignissimum,
789 885 824 940 ut
834 879 956 957 Moyses
966 895 1094 959 nempe,
1109 878 1231 947 obtenta

147 988 166 1035 a
182 972 339 1034 Pharaone
357 970 533 1031 ludaeorum
543 967 703 1037 libertate,
717 965 786 1027 illos
798 965 831 1025 in
842 965 998 1026 nationem
1017 966 1230 1038 constitueret,

147 1072 219 1121 vero
231 1060 296 1119 Deo
307 1056 455 1134 justisque
472 1053 592 1134 legibus
604 1053 814 1122 submitteret3
831 1067 887 1131 per
904 1049 983 1112 hane
1002 1050 1183 1117 ludaeorum
1194 1072 1228 1118 ex

146 1145 281 1224 AEgypto
292 1142 507 1203 liberationem
516 1141 567 1200 via
578 1138 617 1201 ad
629 1137 891 1203 Christianismum
909 1142 1001 1197 sirete
1010 1135 1079 1198 suit.
1093 1140 1140 1201 ita
1151 1140 1226 1203 diri·

145 1245 218 1291 num
237 1228 398 1292 consilium
412 1227 526 1307 alapsu
537 1230 786 1304 protoparentum
799 1222 1002 1295 enuntiatum,
1016 1239 1116 1303 genus
1127 1224 1226 1291 buma-

144 1332 217 1377 num
228 1313 410 1384 redimendi,
421 1329 479 1392 per
496 1311 708 1372 formationem
724 1308 899 1368 Judaeorum
918 1308 950 1368 in
969 1325 1080 1389 corpus
1096 1312 1224 1375 nationis

143 1400 272 1548 {imiter
282 1405 473 1482 promotum,
485 1404 519 1462 et
529 1396 653 1459 tandem
661 1412 718 1477 per
729 1393 893 1457 adventum
912 1394 1031 1458 Messiae
1044 1396 1222 1480 completam

157 1487 211 1549 uit.

60 1630 64 1636 .
181 1575 262 1637 Hinc
283 1577 383 1653 patet,
402 1569 529 1648 quodsi
549 1569 641 1631 etiam
660 1567 787 1647 singulae
803 1568 900 1649 plagae
918 1568 1048 1649 AEgypti
1064 1576 1220 1652 seperatim

143 1666 271 1739 sumptae
282 1657 458 1720 naturaliter
470 1655 630 1734 possibiles
639 1655 775 1727 luissent,
793 1672 844 1716 cas
858 1663 960 1717 tarum
974 1657 1069 1717 abeo
1081 1674 1217 1739 superna

143 1746 281 1810 turaliter
299 1744 447 1807 immissas
462 1743 565 1804 fuisse.

182 1832 212 1892 l⁰
225 1834 347 1903 Autem,
360 1827 512 1909 quomodo
524 1827 668 1907 probaret
689 1828 724 1888 b.
745 1828 872 1906 Morgan
893 1827 992 1906 pisces
1007 1827 1071 1890 Nili
1085 1832 1126 1895 ob
1134 1835 1220 1915 pesti·

142 1918 269 1981 lentiam
283 1919 365 1978 fluxu
387 1916 542 1996 sanguinis
560 1914 735 1976 laborasse?
756 1912 913 1990 Quomodo
930 1915 1030 1993 pisces
1046 1917 1098 1980 isti
1113 1928 1218 1985 mutarn

143 2008 262 2086 copiam
279 2005 434 2083 sanguinis
447 2003 487 2064 ad
503 2021 608 2064 omnes
626 2018 716 2081 aquas
732 2000 860 2079 ngpti
876 2001 1036 2079 tingendas
1046 2004 1163 2071 babere
1172 2004 1218 2089 po

142 2089 455 2168 tuissentlQuomodo
464 2089 521 2150 hac
531 2090 563 2149 in
572 2088 700 2148 ridicula
709 2087 871 2166 hypothesi
879 2105 964 2166 aquae
972 2098 1144 2169 puteorum,
1152 2108 1215 2167 era,
1260 2116 1263 2145 ι

142 2180 177 2239 in
187 2179 364 2257 sanguinem
381 2176 465 2237 verti.
475 2175 663 2254 potuissent?
678 2174 852 2251 Quomodo,
865 2175 891 2236 si
904 2194 961 2256 per
975 2176 1122 2254 injectam
1133 2192 1216 2249 mata

142 2265 334 2325 riamomnes
347 2279 433 2339 aquae
442 2262 570 2340 AEgypti
581 2263 613 2321 in
623 2261 800 2340 sanguinem
811 2278 908 2323 versae
920 2263 994 2325 visae
1011 2265 1150 2343 fuissent,
1159 2270 1216 2335 bare
1231 2278 1235 2287 '

142 2350 270 2412 materia
285 2365 347 2409 non
367 2348 554 2408 solummodo
570 2348 652 2418 Nilo,
672 2347 727 2408 sed
747 2355 779 2408 et
798 2349 866 2410 aliis
883 2350 999 2423 iluviis,
1022 2359 1214 2429 torrentibm,

141 2435 317 2517 paludibus,
334 2434 449 2512 puteis,
470 2438 541 2504 etc,
560 2433 646 2512 injici
666 2434 829 2511 potuisset,
852 2436 1070 2515 iEgyptiorum
1084 2444 1214 2515 nemine,

141 2520 224 2583 nullo
236 2521 269 2579 in
279 2518 856 2596 loco,idanimadverlentleuomodo
867 2523 994 2601 praecise
1004 2531 1120 2588 attactu
1130 2531 1214 2613 virge

141 2607 175 2667 in
186 2606 373 2684 sangumem,
391 2613 445 2666 aut
457 2605 522 2684 ejus
533 2605 678 2677 eoloreru,
691 2606 847 2678 abiissent,
859 2615 890 2668 et
898 2605 983 2686 jussu
992 2610 1110 2690 Moysis
1120 2616 1213 2697 ρηςᾱ

140 2709 212 2753 nam
224 2691 350 2752 formam
364 2689 556 2753 induissent?

127 2792 130 2827 t
177 2777 355 2849 Pocockius,
368 2778 487 2839 Maillet
498 2790 512 2867 ξ
519 2778 650 2856 aliique,
663 2779 806 2856 equidem
815 2781 962 2853 scribunt,
975 2783 1039 2845 Nili
1049 2802 1213 2868 aquasque

140 2864 242 2925 tannis
256 2880 361 2924 mense
377 2865 460 2924 Julio
478 2873 661 2936 crescentes,
679 2872 710 2926 et
725 2883 830 2928 mense
842 2866 970 2930 Octobri
990 2869 1212 2945 decrescentes,

138 2950 316 3012 naturaliter
326 2949 509 3011 mrbedincm
523 2952 654 3030 aliquam
664 2952 802 3014 induere.
818 2954 874 3015 Ast
885 2955 953 3017 baec
966 2954 1083 3037 Moysis
1095 2942 1214 3025 miracu

66 3072 69 3079 -
138 3036 332 3099 lumminime
342 3046 538 3110 concernunt,
549 3040 751 3101 cummutatio
760 3057 902 3118 aquarum
911 3042 974 3104 Nili
983 3048 1214 3115 menseeiroiler

137 3122 304 3185 Februario
328 3123 495 3201 eontigerit
515 3124 555 3187 ad
575 3133 680 3187 nutum
700 3126 828 3205 Moysis,
853 3136 942 3206 atque
965 3129 1006 3191 ad
1026 3126 1094 3212 ejus
1106 3134 1213 3216 jucun

138 3208 312 3270 cessaverit.

174 3292 207 3354 2⁰
219 3293 477 3370 Quemadmodum
493 3311 574 3355 mors
588 3296 717 3373 piscimn
734 3297 797 3357 Nili
818 3301 996 3363 naturaliter
1014 3308 1146 3371 eveneri
1164 3326 1214 3373 ne·

138 3379 247 3457 quivit,
259 3379 393 3438 itatanta
404 3379 562 3441 multitudo
571 3397 928 3459 ranarum,quaeomnem
937 3389 1110 3467 regionem,
1119 3396 1213 3458 omnia
1253 3421 1257 3427 ·

137 3465 320 3533 habitacula,
338 3471 370 3524 et
386 3465 452 3542 ipsa
468 3464 632 3527 Pharaonis
653 3468 793 3530 cubicula
809 3471 1007 3547 infestabant,
1030 3493 1071 3539 ex
1088 3480 1162 3545 Nilo
1179 3480 1212 3545 ud

136 3552 232 3612 solam
244 3549 453 3611 extensionem
464 3551 558 3629 virgae
570 3552 683 3631 Moysis
695 3556 871 3617 naturaliter
883 3558 1051 3637 proticisci,
1065 3573 1097 3625 et
1111 3576 1212 3631 orante

136 3637 253 3716 Moyse,
262 3634 439 3696 naturaliter
448 3637 548 3714 perire
562 3655 623 3698 non
635 3639 740 3700 valuit.
756 3643 847 3702 immo
860 3646 996 3709 naturale
1010 3646 1093 3713 baud
1102 3652 1172 3725 fuit,
1183 3660 1213 3717 ut

136 3736 218 3783 ranae
225 3737 299 3869 qpae
306 3735 426 3801 semper
436 3721 509 3797 ¹loca
524 3721 649 3786 bumida
663 3735 811 3803 quaerunt,
826 3732 995 3808 penetralia
1012 3733 1159 3803 domuum
1166 3740 1212 3805 in.

136 3821 256 3868 vaserm

172 3890 203 3950 δ’
217 3899 249 3953 et
257 3891 290 3953 [ι’
300 3892 399 3973 Plagae
412 3892 582 3974 sciniphum
596 3901 629 3957 et
641 3913 810 3960 muscarum
820 3904 936 3980 pariter
943 3904 1147 3984 phaenomena
1161 3926 1212 3975 nr·

137 3976 312 4061 toralianoo
322 3980 527 4060 tuisse,patet,
538 3981 666 4058 quodad
678 3981 908 4049 determinatum
918 3996 1209 4077 tempuspraedicrae,

168 4077 287 4142 ‘lebab
295 4086 417 4164 murt.
427 4086 546 4155 odolo,
553 4090 610 4166 Μ,
621 4090 729 4147 liollletz
739 4094 884 4189 betbgaaur
892 4097 1017 4166 lbyypto,
1025 4111 1054 4167 ιι.
1063 4102 1089 4180 l,
