2708 4846
328 467 512 521 trosellum
531 469 729 523 SACRORUM.
1035 470 1068 523 0

112 552 179 623 *obe
191 562 310 623 conscia
322 565 360 626 ad
371 566 590 646 adparitionem
601 567 749 630 Samuelis
762 562 920 638 exterrita,
930 565 1068 625 clamavit

112 668 190 727 qna,
205 652 247 710 ait
259 668 344 712 sacer
354 661 453 714 textus
465 656 476 733 (
489 654 575 719 Cant.
588 656 627 717 N.
641 655 727 733 ist).
740 653 836 715 ,lussit
848 654 931 714 Deus
942 654 1067 713 Samue-

112 753 237 835 parere‚
260 737 299 797 ad
326 739 447 801 Saulem
469 757 524 822 per
553 740 814 804 annuntiationem
836 738 980 818 proximae
1003 753 1066 801 suaa

110 823 451 988 ztdnffilgrlehoquidem
471 913 663 991 operationes
680 909 840 974 diabolicae
848 908 1007 990 legantem
1020 916 1067 971 ast

114 990 150 1053 tit
167 997 282 1056 mentio
300 996 340 1058 de
358 1003 446 1077 pacto
464 996 687 1078 aliquo,²,qnod
702 996 842 1059 homines
854 1013 925 1058 cnm
942 994 1065 1059 diabolo

112 1087 185 1227 {rtur
196 1167 320 1228 interim
329 1169 442 1230 Deistec
454 1168 556 1248 legem
567 1171 697 1248 Moysis,
712 1185 802 1231 omne
814 1169 937 1232 omnino
947 1166 1067 1231 exorsi

112 1255 181 1333 igiae
193 1256 429 1336 proscribendo,
441 1259 537 1318 multo
549 1258 767 1337 sapientiorem
779 1257 871 1321 finisse
883 1256 1066 1337 quamlegea

112 1357 162 1400 nm
175 1344 433 1414 emodenorum,
447 1360 514 1421 quae
527 1345 660 1424 Mapiam
673 1340 828 1422 bemficom
844 1342 927 1405 haud
936 1341 1066 1425 proscu-

116 1512 282 1575 catholicos
295 1515 437 1592 equidem
448 1516 551 1595 piures
565 1516 757 1578 existentiam
768 1515 878 1596 napta
888 1515 997 1595 alpos,
1010 1531 1065 1579 seu

112 1617 153 1671 oe,
167 1602 342 1671 admittunt,
352 1611 577 1682 provocantque
587 1604 625 1666 ad
637 1604 894 1685 MagosAEgypti,
906 1603 945 1664 ad
953 1602 1066 1682 Pytho

112 1687 271 1759 inEndor,
286 1691 325 1750 ad
337 1691 421 1751 varia
433 1692 512 1752 facta
523 1692 659 1754 historiae
672 1692 901 1760 ecclesiastice,
916 1696 947 1749 et
958 1691 1066 1770 impri-

134 1777 312 1839 adscensum
338 1778 471 1839 Simonis
498 1779 593 1859 Magi.
616 1779 683 1840 Alii
706 1786 809 1839 autem
832 1777 1067 1858 possibilitatem

112 1862 199 1942 nigrae
212 1863 293 1923 haud
305 1863 475 1924 inficiantes
486 1906 494 1933 ,
507 1864 603 1942 ipsius
620 1863 813 1924 existentiam
823 1868 951 1940 negant;
964 1860 1064 1933 aiunt,

112 1949 242 2029 :ripaue
258 1966 350 2009 sacrte
364 1949 473 2025 ltlagiae
486 1949 678 2010 existentiam
694 1948 775 2009 haud
787 1949 932 2026 probare,
944 1953 977 2008 et
988 1946 1066 2008 tacta

112 2034 164 2094 tria
175 2036 311 2114 adlegari
329 2035 417 2096 solita
435 2034 560 2097 edoctus
570 2034 850 2105 fuisse'naturales,
869 2042 921 2096 aut
937 2033 1066 2095 authen·

112 2121 235 2194 desse,
255 2132 344 2202 prout
364 2122 403 2184 de
424 2122 572 2187 adscensu
586 2123 719 2184 Simonis
737 2123 820 2201 Magi
840 2123 874 2183 iu
891 2122 1066 2198 particulari

112 2295 217 2355 entiam
229 2295 338 2373 Magia
351 2296 447 2375 nigrae
458 2295 498 2358 ad
510 2296 650 2377 dogmata
658 2295 809 2357 catholica
819 2294 901 2356 hand
908 2294 1065 2376 pertinere

112 2382 285 2443 enuntiavit
297 2382 336 2442 cl.
350 2382 465 2443 Jordan
477 2383 583 2443 Simon
595 2384 624 2452 ¹,
639 2390 669 2442 at
686 2383 766 2455 justo
782 2381 904 2459 longius
922 2397 1066 2461 progres-

130 2469 204 2531 dum
223 2470 305 2530 illius
325 2470 559 2549 possibilitatem
574 2471 709 2547 negavit.
729 2467 933 2530 Providentiae
951 2467 1064 2529 divinae

112 2556 243 2625 mniuun
258 2564 289 2616 et
301 2558 524 2625 particulariter
535 2556 693 2616 hominum
703 2554 841 2634 gerenti,
858 2562 949 2632 atque
961 2555 1065 2635 Scrip-

112 2659 197 2710 rerae,
221 2642 374 2706 Christum
396 2644 567 2723 principem
591 2642 681 2720 hujus
702 2642 808 2702 mundi
834 2640 962 2718 ejecisse
984 2641 1064 2701 foras

112 2728 166 2798 ii,
186 2728 247 2805 at)
269 2727 403 2797 dicenti,
426 2727 571 2805 equidem
594 2743 765 2807 repugnare
790 2726 1009 2796 existimamus,
1030 2733 1065 2786 ut

112 2814 262 2894 simprobi
275 2815 307 2873 vi
317 2814 401 2892 pacti
414 2831 480 2873 cam
495 2812 639 2883 damam,
660 2813 863 2887 intensissimo
883 2811 940 2872 Dei
963 2810 1064 2872 homi·

123 2901 222 2968 hoste,
234 2900 317 2968 initi,
333 2919 387 2977 pro
399 2901 482 2961 libitu
495 2900 563 2961 aliis
575 2916 688 2961 nocere
700 2900 826 2979 possint,
841 2906 874 2960 at
883 2915 946 2960 non
955 2915 1064 2979 repug-

112 2987 182 3047 min
196 2987 308 3045 casibus
319 2985 548 3063 particularibus
565 2986 744 3062 permittere
755 3000 860 3064 posse,
872 2990 907 3044 ut
923 2982 1063 3046 homines

112 3090 151 3133 no
159 3081 278 3133 secreta
290 3073 413 3133 edoctos
426 3072 495 3132 aliis
507 3068 649 3131 noceant.

112 3166 207 3219 autem
220 3158 309 3217 homo
321 3175 376 3236 per
386 3163 585 3236 pactumcum
593 3153 722 3215 Diabolo
733 3152 842 3214 initum
851 3159 1011 3213 censeatur
1021 3153 1061 3215 ah

112 3258 171 3304 rere
183 3243 356 3304 facultatem
367 3241 521 3302 mirabilia
536 3241 618 3302 vires
630 3238 776 3300 humanas
790 3236 963 3318 superantia
973 3253 1062 3313 pera-

112 3336 354 3410 potestatemque
380 3328 447 3390 aliis
466 3325 559 3389 modo
582 3341 673 3407 supra
694 3325 777 3387 viras
801 3324 946 3385 harmanas
961 3323 1060 3403 posito

112 3415 194 3476 iendi
212 3423 264 3475 aut
280 3415 509 3485 malefaciendi,
533 3413 678 3474 Diabolus
701 3428 776 3472 vero
792 3410 982 3491 procidattia
1003 3408 1064 3471 Dei

112 3517 189 3582 erga
200 3502 301 3562 omnia
311 3508 470 3572 creata,et
482 3501 604 3580 speciali
611 3516 683 3580 erga
692 3498 831 3561 homines
841 3497 988 3578 derogare
996 3511 1058 3557 non

112 3602 145 3650 te
156 3588 286 3667 proinde
304 3586 475 3665 hujusmodi
491 3586 663 3647 facultatem
685 3592 716 3646 et
734 3591 915 3665 potestatem
935 3582 995 3643 nisi
1020 3597 1058 3642 ex

116 3674 177 3739 Μ
193 3674 382 3753 pronissime
406 3673 577 3736 concedere
601 3680 749 3751 nequeat,
774 3672 903 3734 dicimus
926 3685 995 3731 cum
1016 3666 1057 3730 cl.

112 3744 386 3835 ⁸,nmtumfactum
396 3760 586 3831 audieaticam
595 3759 741 3828 existere,
753 3751 1054 3837 quodprobethuJ'os«

112 3844 362 3911 mumolum
373 3848 454 3906 inter
464 3847 682 3924 ,hominemque
694 3846 794 3906 locum
812 3841 965 3903 habuisse.

112 3964 254 4031 fflffltl
265 3969 383 4019 adscensu
392 3970 448 4032 lege
462 3970 527 4020 doci.
539 3969 635 4020 dissert.
648 3968 679 4019 cl.
690 3967 783 4018 calmi
790 3962 840 4002 -2
851 3962 897 4012 Die
907 3962 1056 4029 maudut

112 4029 956 4114 sacoaras,a.rmaanaapapuo·-⁸uo
965 4032 1055 4111 utor,

112 4108 260 4179 mae.
