2708 4846
554 431 603 481 be
617 432 832 483 sabbatina.
1187 430 1236 487 455

148 517 261 579 vallem
271 518 311 579 ab
323 517 455 596 antiquis
462 517 661 598 leesyrlam
670 518 976 597 dictamrelinquunt.
991 517 1095 581 Graeci
1105 525 1235 579 tractum

148 601 331 663 orientalem
343 603 571 673 Antilibanum,
586 612 618 665 et
630 604 852 667 occidentalem
869 604 1020 665 Libanum
1040 610 1232 697 nuncupant.

148 689 290 749 liebraeis
307 705 380 749 vero
393 696 522 768 uterque
535 696 646 751 tractus
658 691 781 752 nomine
793 690 903 751 Libani
917 690 1011 751 venit.

184 774 273 835 blons
287 774 419 835 Libanus
429 774 503 835 olim
515 775 684 856 complures
696 776 837 854 ingentes
849 776 923 837 aluit
938 775 1046 837 cedros
1060 776 1093 836 in
1105 772 1233 841 historia

148 866 181 920 et
198 861 367 940 praesertim
385 861 417 920 in
436 862 590 941 Scriptura
606 878 691 923 sacra
708 862 934 923 celeberrimas.
948 863 1004 923 Hae
1023 863 1149 924 arbores
1161 870 1234 925 sunt

147 945 283 1025 ingentis
295 945 419 1007 omnino
432 945 600 1009 altitudinis
612 965 648 1009 ac
657 947 881 1020 terassitudinis.
895 948 1008 1023 ll'aucae
1024 946 1179 1009 altissimae
1194 965 1231 1011 ae

147 1029 345 1101 densissimae,
365 1031 492 1093 testibus
506 1032 688 1102 viatoribus,
701 1031 791 1093 modo
807 1033 854 1094 ibi
872 1039 1042 1112 supersunt.
1057 1034 1142 1093 lnter
1156 1032 1230 1109 resi·

147 1117 223 1178 duas
239 1117 333 1178 lentur
359 1119 518 1180 nonnullas
534 1120 663 1201 reperiri
681 1118 963 1200 trigintaquinque,
981 1127 1013 1181 et
1027 1118 1231 1199 quadraginta

146 1200 260 1281 pedum
273 1202 491 1266 crassitudinis.

184 1286 378 1347 Antilibanus
399 1287 488 1348 altior
510 1294 556 1349 cst
574 1288 706 1362 Libano,
733 1295 764 1349 et
783 1288 938 1369 perpetuis
959 1286 1082 1349 nivibus
1099 1294 1146 1349 est
1158 1304 1229 1353 ooo-

145 1379 266 1448 pertus,
289 1388 467 1449 quamquam
489 1379 519 1433 et
541 1374 573 1432 in
595 1374 696 1434 altiori
717 1374 827 1435 libani
848 1372 964 1434 vertice
984 1374 1073 1434 nives
1089 1380 1227 1454 tempore

145 1456 343 1519 asumhaud
357 1456 509 1522 deliciunt.
521 1461 637 1521 vertex
656 1460 818 1523 altissimus
834 1458 1008 1520 Antilibani
1023 1458 1062 1519 ab
1084 1460 1227 1523 Hebraeis

144 1544 281 1625 ¹Hermon
295 1543 464 1604 dicebatur.

182 1629 376 1689 Antilibanus
388 1630 482 1690 nutrit
492 1629 580 1709 pinos
593 1636 624 1692 et
635 1630 769 1702 abietes,
781 1636 813 1692 et
824 1647 842 1691 a
854 1631 971 1691 Libano
980 1648 1037 1709 per
1048 1631 1181 1693 fertilem
1193 1638 1226 1712 et

145 1730 293 1775 amoenam
304 1715 413 1775 vallem
423 1715 620 1793 Coelesyriam
631 1723 795 1795 separatur.
808 1715 945 1776 Altitudo
957 1716 1066 1777 hurum
1075 1718 1231 1795 monum.

144 1805 192 1859 est
203 1797 362 1859 sum-9600
378 1800 502 1860 circiter
514 1800 637 1879 pedum.
1172 1858 1182 1876 ,

182 1883 214 1944 2⁰
231 1884 401 1957 carmelus,
423 1884 475 1963 qui
492 1885 648 1945 constituit
660 1884 766 1963 jugum
780 1885 931 1947 montium
946 1903 1050 1948 versus
1061 1886 1225 1949 meridient

143 1967 354 2040 Ptolemaidis,
375 1977 407 2030 et
427 1969 664 2047 septentrionem
683 1971 771 2030 Dcite
791 1969 828 2029 ad
847 1987 930 2031 mare
951 1970 1222 2034 Mediterraneum.

143 2053 185 2113 Hi
206 2062 325 2115 montes
342 2071 505 2131 eorumque
525 2053 620 2114 valles
641 2052 775 2116 alliciunt
796 2055 953 2134 regionem
972 2058 1221 2131 amenissimum,

142 2139 225 2217 quod
243 2157 353 2201 nomen
374 2139 506 2202 Carmeli
530 2147 576 2200 sat
599 2140 728 2212 indicat,
751 2140 950 2201 cambiacum
976 2143 1034 2204 Dei
1057 2143 1220 2224 significet.

142 2225 335 2286 Summitates
348 2225 479 2289 Carineli
492 2225 642 2286 abietibus
655 2242 690 2287 ac
704 2226 888 2304 quercubus.
902 2235 934 2288 et
947 2227 1011 2306 ejus
1022 2230 1117 2292 valles
1129 2230 1223 2299 lauris

142 2314 179 2371 'ac
197 2311 286 2373 olivis
303 2318 415 2372 ornatae
432 2318 516 2383 sunt,
538 2328 573 2373 ac
593 2310 652 2373 rivi
671 2311 829 2391 fontesque
850 2312 931 2376 baud
948 2314 1067 2379 desunt.
1087 2317 1222 2380 Maxima

141 2394 269 2455 altitudo
285 2394 416 2458 Carmeli
430 2404 475 2457 est
491 2397 614 2458 circiter
629 2397 704 2458 aluo
715 2398 838 2478 pedum.
1217 2474 1220 2481 ¹

178 2481 266 2540 Alius
277 2498 362 2542 mons
372 2481 527 2543 Carmelus
538 2482 637 2544 dictus
650 2501 720 2544 cum
735 2484 811 2543 urbe
828 2482 965 2561 ejusdem
976 2485 1109 2548 nominis
1121 2495 1169 2549 est
1184 2488 1219 2549 lu

140 2565 224 2625 tribu
243 2566 333 2627 Juda.
350 2588 361 2611 r

177 2649 208 2709 5ο
221 2652 359 2719 Thabor,
377 2649 416 2710 de
429 2667 489 2727 quo
501 2651 722 2728 Hieronymus:
738 2654 820 2711 «Est
836 2658 952 2720 autem,
965 2652 1080 2730 inquit,
1094 2655 1219 2718 Thabor

141 2754 160 2793 a
170 2752 257 2795 mons
272 2737 305 2794 in
318 2734 459 2801 Galilaea,
476 2735 551 2794 situs
563 2736 595 2793 in
608 2735 841 2812 campestribus,
858 2735 1005 2795 rotundus
1018 2741 1219 2813 atqaesubli·

141 2823 271 2880 »miset
288 2838 325 2880 ex
338 2819 420 2878 omni
433 2826 518 2897 parte
533 2816 632 2878 linitus
648 2819 805 2895 aequaliter
817 2818 838 2877 ¹.
853 2839 868 2875 a
880 2818 926 2878 Fl.
946 2818 1096 2898 iosephus
1111 2824 1220 2893 scribit

139 2905 332 2967 altitudinem
343 2905 430 2983 bujus
439 2903 550 2963 montis
559 2918 626 2963 esse
637 2904 762 2982 triginta
774 2902 953 2974 stadiorum,
967 2912 999 2964 et
1010 2905 1043 2965 in
1055 2905 1123 2984 ejas
1136 2925 1217 2969 sum-

137 2993 244 3067 mitate
259 3007 325 3050 esse
333 2990 491 3068 planitiem
504 2987 614 3066 viginti
627 3004 683 3049 ser
695 2989 859 3049 stadiorum
873 2991 1033 3061 circuitus,
1046 2994 1142 3057 muris
1154 2996 1218 3057 eir-

138 3074 330 3144 cumdatam,
357 3081 389 3132 et
413 3088 517 3132 versus
544 3075 784 3149 septentrionem
811 3075 1065 3144 inaccessibilem.
1094 3081 1128 3141 ln
1155 3079 1218 3145 hcc

137 3158 256 3220 vertice
276 3156 427 3234 quondam
444 3156 517 3216 urbs
535 3156 646 3218 extitit.
664 3159 752 3219 Mons
769 3158 827 3219 iste
846 3165 892 3219 est
911 3158 1004 3220 bodie
1020 3162 1142 3225 omnino
1158 3164 1214 3227 de·

136 3251 245 3306 serlus.

174 3329 206 3388 Ψ
218 3331 335 3389 Montes
346 3328 448 3398 lsrael,
462 3328 553 3389 etiarn
564 3336 681 3390 montes
689 3328 834 3410 Ephraim
847 3328 937 3398 dicti,
951 3330 1004 3407 qni
1021 3343 1216 3410 opponuntur

136 3417 291 3476 montibus
310 3415 411 3477 Jrrdae.
428 3415 530 3476 Solum
552 3413 659 3475 borum
677 3417 824 3477 montium
843 3423 890 3477 est
910 3415 1026 3489 lertile;
1046 3417 1118 3499 juga
1137 3438 1211 3484 vero

136 3504 284 3565 moirtimn
297 3502 389 3563 lsrael
400 3503 558 3582 regionem
570 3502 713 3563 iordanis
724 3504 938 3581 respicientia,
950 3511 982 3564 et
996 3522 1064 3583 quae
1077 3517 1216 3573 amunte

136 3589 294 3651 olivarum
313 3604 408 3663 usque
434 3587 472 3648 ad
498 3588 655 3666 planitiem
678 3588 865 3649 iericbuntis
894 3590 1117 3663 extenduntur,
1141 3604 1214 3657 sunt

135 3689 240 3750 aspera
254 3679 284 3731 et
296 3671 457 3732 salebroso.
472 3674 585 3732 vertex
598 3673 758 3733 altissimus
773 3673 945 3733 ultimorum
964 3677 1111 3737 montium
1128 3679 1215 3758 Quac-

136 3758 273 3818 ruutouiu
287 3756 337 3815 vel
356 3756 539 3834 (lucrentuuu
562 3757 652 3817 modo
676 3764 881 3836 nuncupatim
900 3759 1063 3838 antiquitus
1081 3763 1209 3825 Rerrmon

134 3841 301 3921 appellatus
313 3841 433 3901 videtur
446 3839 529 3916 (lud.
540 3840 589 3909 20,
602 3842 665 3918 ab).
679 3842 798 3903 Montes
817 3842 915 3904 llebal
925 3852 958 3905 et
969 3846 1118 3920 (iarizirn,
1131 3866 1208 3926 quo·

132 3944 199 3987 rum
213 3927 289 3987 alter
304 3925 342 3986 ad
356 3927 543 4003 aquilonem,
561 3932 593 3987 et
608 3926 686 3987 alter
700 3925 739 3988 ad
756 3935 888 3991 uersuum
905 3929 1038 3993 Slcbemi
1056 3933 1131 3997 sitm
1143 3944 1214 4008 est,

155 4033 283 4109 llllmon.
298 4033 436 4091 monemb-
