2708 4846
563 456 609 504 Μ
627 450 842 504 mmm·
1194 457 1238 506 ibt

200 544 301 606 Prima
313 546 383 606 unni
393 551 496 625 parte,
508 562 564 608 seu
572 552 708 625 tompore
721 546 842 617 Messio,
853 560 874 608 a
884 543 1008 607 dimidio
1021 546 1136 625 Aprilis
1143 540 1240 630 usque

160 632 202 694 ud
212 630 370 731 dimidium
382 633 482 704 Junii,
493 633 602 694 omium
612 639 825 704 estserenum;
837 635 1018 712 primatem
1030 633 1145 714 Aprilis
1151 641 1238 713 parts

160 733 234 779 auru
247 716 414 777 incalescit.

198 801 337 864 Secunda
345 809 431 880 parte
444 803 515 863 anni
526 849 534 875 ‚
547 820 603 864 seu
613 810 751 883 ternpore
761 802 936 873 Fructum,
949 802 989 868 ab
1003 803 1100 865 altero
1108 803 1236 867 dimidio

157 904 272 966 nempe
284 888 369 948 Junli
379 904 472 966 nsque
483 889 521 950 sd
531 889 690 951 dimidlmn
701 890 847 968 Augusti,
860 888 928 953 dies
934 897 1098 967 noctesque
1108 898 1169 951 tarn
1176 891 1237 952 ler-

157 974 241 1036 vidae
250 981 335 1044 sunt,
350 982 383 1034 ut
396 975 502 1036 incolas
515 975 572 1036 sub
584 976 635 1036 dio
647 976 822 1036 dormitent.

191 1058 301 1132 ,Tertia
312 1059 382 1118 anni
394 1068 494 1138 parts,
509 1076 562 1121 seu
574 1067 710 1138 tempore
722 1062 840 1132 AEstm,
854 1060 894 1123 ab
915 1060 1011 1122 altero
1026 1060 1153 1122 dimidio
1172 1062 1234 1125 Au-

156 1143 238 1220 gusti
259 1160 354 1220 nsque
377 1143 415 1204 ad
433 1144 593 1204 dimidium
610 1145 770 1216 Octobris,
785 1146 922 1210 colorest
934 1146 1090 1223 ingenuit
1102 1146 1233 1209 dimidia

154 1233 259 1285 autem
271 1227 386 1305 Aprilis
397 1246 491 1306 usque
503 1229 542 1289 ad
554 1229 714 1295 dimidium
733 1230 921 1308 Septembris
934 1231 1037 1310 pluvio
1052 1239 1084 1295 et
1098 1230 1232 1301 tonitrua

154 1311 342 1389 generaliter
353 1312 453 1373 locum
469 1331 530 1375 non
545 1312 662 1377 habent
674 1315 696 1377 ¹.
709 1316 770 1376 ilus
783 1316 905 1394 copiose
920 1315 1047 1379 decidit.
1065 1316 1177 1383 Fontes
1194 1331 1231 1377 ne

154 1396 214 1455 rivi
230 1398 435 1469 exsiccantur,
449 1398 674 1479 etbumnsprae
687 1399 892 1464 calorerimes
901 1399 973 1478 ogit.
1231 1444 1234 1450 .

190 1483 303 1558 Qrarta
315 1490 401 1565 parto
412 1485 497 1555 anni,
516 1502 570 1546 seu
586 1493 722 1565 ternpore
741 1485 911 1556 sementis,
929 1484 970 1552 ab
986 1485 1081 1547 altero
1100 1484 1228 1551 dimidio

153 1565 297 1628 Octobris
307 1584 401 1646 usque
414 1568 453 1629 ad
464 1569 623 1630 dimidium
635 1570 826 1640 mcembris,
840 1570 1005 1648 temperies
1014 1570 1126 1647 variat,
1139 1577 1171 1633 et
1179 1576 1228 1631 est

152 1651 309 1732 pluviosa,
322 1654 474 1724 eubetius,
488 1653 647 1724 nebulosa,
661 1656 840 1733 caliginosa,
851 1662 915 1723 etc,
932 1655 1039 1719 Altera
1051 1671 1123 1715 vero
1136 1653 1227 1717 dimi·

152 1735 205 1795 dio
217 1744 302 1817 parte
315 1737 457 1799 Octobris
465 1739 561 1818 prima
572 1739 674 1820 pluvia
686 1739 880 1810 autumnalis,
896 1737 1025 1805 sementi
1039 1739 1225 1807 necessaria,

152 1820 279 1884 decidit.
292 1824 470 1901 Temperies
481 1831 672 1903 autemsaepe
684 1823 781 1884 adbuc
792 1831 837 1885 est
848 1823 963 1894 calida,
976 1823 1032 1884 sed
1043 1823 1116 1883 dein
1129 1823 1162 1884 iit
1173 1824 1227 1883 iri·

150 1905 241 1983 gida,
256 1914 287 1967 et
302 1909 390 1967 nives
404 1909 437 1968 in
452 1915 570 1970 montes
584 1907 740 1969 decidunt.
754 1908 866 1974 Versus
878 1904 969 1975 finem
982 1907 1162 1969 Novembris
1174 1924 1223 1968 ar-

149 1990 242 2054 bores
253 1993 313 2053 suis
325 1992 405 2054 loliis
417 1994 570 2056 orbantur.

186 2079 299 2155 Quinta
311 2081 382 2140 anni
395 2087 497 2159 parte,
509 2098 565 2141 seu
576 2088 712 2160 tempore
724 2080 856 2151 lliemis,
868 2080 907 2141 ab
919 2079 1014 2143 altero
1028 2077 1222 2141 dimldloDe·

148 2163 589 2242 cembrisnsqueaddimidiom
598 2166 755 2227 Februarii
763 2210 770 2235 ,
778 2166 863 2228 nives
872 2166 904 2227 in
913 2163 1054 2244 planities
1066 2163 1219 2231 labuntur,

148 2246 205 2308 sed
217 2249 268 2308 vix
278 2266 336 2328 per
346 2250 427 2310 diem
440 2250 485 2310 ibi
497 2250 620 2321 durant,
634 2260 666 2311 et
675 2251 803 2331 glacies,
817 2267 883 2328 qum
895 2249 1027 2311 nonnisi
1040 2249 1217 2319 tenuisest,

146 2333 222 2395 soils
237 2334 330 2396 radiis
345 2335 536 2408 dissolvitur,
548 2335 608 2397 viae
619 2353 692 2398 vero
702 2345 771 2399 sunt
788 2336 913 2401 lubricas
930 2334 1026 2412 (coni.
1039 2334 1146 2395 bisttb.
1159 2334 1217 2405 ib,

145 2418 367 2500 illljl‘uigura,
378 2423 510 2482 tonitruo
520 2429 551 2482 et
562 2422 724 2502 grandines
736 2430 806 2486 suut
819 2422 997 2499 frequentia.
1012 2418 1118 2499 Campi
1132 2419 1218 2481 tlorl·

146 2503 203 2566 bus
211 2513 368 2578 omnuim,
380 2514 411 2567 et
419 2508 474 2567 sub
484 2506 575 2567 linem
583 2508 718 2567 Januarii
727 2513 847 2583 segetes
855 2509 1021 2575 russeum,
1032 2504 1156 2566 arbores
1163 2522 1216 2567 sua

145 2591 218 2649 iolla
229 2592 490 2672 reproducunt‚et
502 2592 559 2650 rivi
578 2592 662 2667 aquis
675 2598 848 2650 onerantur.
1005 2656 1021 2677 ὓ

182 2676 271 2736 Sexta
291 2683 377 2754 parte
401 2675 488 2742 anni,
509 2689 565 2734 seu
584 2681 720 2751 tempore
743 2672 893 2749 trigoris,
911 2671 951 2732 cb
971 2671 1068 2730 altero
1087 2670 1214 2732 dimidio

143 2760 301 2822 Februarii
312 2759 454 2837 usquead
463 2759 592 2836 primum
604 2757 762 2820 dimidium
771 2755 896 2834 Aprilis,
906 2754 1069 2832 temperies
1078 2753 1116 2815 ab
1125 2755 1214 2815 initio

143 2852 193 2908 est
205 2845 329 2927 lrlglda,
340 2842 554 2922 progrediente
566 2848 666 2901 autem
677 2848 814 2917 ternpore
823 2837 990 2903 incalescit.
1004 2836 1212 2909 Pluviaeverm

141 2931 282 2999 fulmina,
301 2926 432 2989 tonitrua
450 2944 485 2987 ae
507 2926 669 3006 grandines
689 2922 981 2993 continuantur;sed
1000 2938 1105 2983 versus
1121 2918 1213 2983 linem

139 3018 247 3099 primae
256 3016 350 3095 partis
359 3013 473 3093 Aprilis
483 3011 605 3072 omnino
614 3018 740 3073 cessam.
750 3010 863 3073 Ultima
871 3008 971 3088 pluvia
979 3007 1076 3089 primo
1084 3005 1211 3073 dimidio

140 3102 258 3181 Aprilis
268 3099 398 3165 decidit,
410 3097 587 3157 etserotina
599 3096 636 3156 ab
647 3096 784 3157 liebraeis
794 3101 990 3173 nuncupatur.
1000 3093 1104 3161 Pluvia
1114 3093 1211 3178 prima

139 3202 196 3248 seu
215 3181 419 3250 Autnmualis,
433 3180 505 3241 binc
517 3181 664 3240 Matutino
676 3180 773 3250 dicta,
785 3188 818 3241 et
834 3179 936 3258 pluvio
954 3178 1057 3245 ultimo
1074 3195 1128 3245 seu
1140 3194 1209 3239 ser·

138 3272 233 3342 nolis,
248 3270 319 3329 binc
331 3268 462 3329 Sororem
477 3274 583 3327 vocata
596 3265 682 3343 (Joci
693 3265 727 3334 2,
744 3263 1066 3344 septimusomne
1077 3263 1210 3326 menime

140 3355 371 3435 exoptabantur,
384 3358 488 3431 utpote
501 3366 638 3413 arvorum
651 3349 796 3428 fertilitati
807 3348 1009 3427 maximopere
1019 3348 1206 3410 necessarior.

138 3441 243 3519 (Cous.
261 3442 335 3500 Lev.
346 3437 431 3508 ibt.
444 3437 606 3498 Deuteron.
622 3437 672 3507 li,
686 3435 740 3507 lb,
753 3435 798 3496 tt.
809 3437 923 3495 Jerem.
936 3433 965 3506 ὅ,
975 3434 1003 3493 5.
1017 3434 1121 3506 Oseae,
1134 3433 1162 3506 t,
1175 3432 1205 3494 ὅ.

138 3527 230 3588 zach.
245 3524 291 3595 to,
303 3523 346 3600 l).

459 3642 526 3709 svl.
534 3669 564 3682 -
571 3644 728 3695 &inanitates
740 3642 883 3692 Palatino.

172 3773 245 3827 (tii.
256 3768 352 3848 Regio
365 3766 446 3838 baec,
459 3772 563 3826 natura
579 3782 632 3826 sna
645 3773 706 3826 tam
720 3777 851 3834 amoena,
868 3760 961 3825 variis
971 3759 1107 3839 smjsost
1123 3756 1204 3820 cala·

132 3855 488 3930 niutbmqusmut:
901 3862 928 3923 ᾗ
1200 3901 1203 3906 .

172 3940 202 4001 i⁰
215 3941 319 4000 Terrae
330 3944 442 4007 motus,
454 3935 564 4014 quibus
574 3933 733 3997 Pelaestina
746 3946 826 4012 steps
837 3928 1021 3998 concutitur,
1034 3943 1069 3989 sc
1079 3926 1200 4007 patitur.

165 4050 254 4103 locui.
264 4051 334 4100 Prot.
349 4048 393 4107 26,
406 4048 432 4106 l,
444 4048 453 4096 l
463 4047 524 4107 ber.
536 4044 579 4104 12,
594 4045 637 4106 li,
648 4044 715 4094 ilict.
727 4041 876 4100 inanest,
890 4041 915 4090 l·
1177 4092 1180 4097 .

1050 4131 1091 4177 nt.
