2716 4838
413 500 596 551 urononum
617 504 817 553 stcuonun.
1109 498 1154 555 tos

100 595 147 656 Ex
159 594 220 654 huc
230 611 326 671 usqne
337 594 428 656 dietis
442 595 527 673 juxta
542 597 718 657 defensores
736 596 926 675 antiquitatis
939 597 1052 677 linguae
1070 599 1154 659 chal-

61 682 158 742 daime
171 681 320 757 sequitur,
335 681 365 739 l⁰
376 681 509 760 linguam
520 682 643 742 familiae
654 684 818 755 milcher,
833 700 892 761 qua
905 683 999 743 locuti
1013 691 1082 745 sunt
1093 685 1153 745 Na-

61 768 155 836 cbor,
169 766 289 836 Thana,
303 773 334 826 et
345 768 411 845 ipse
421 767 577 829 Abraham
589 777 750 847 antequam
762 769 960 848 egrederetur
970 788 988 831 e
998 769 1152 843 Chaldaea,

61 854 154 912 luisse
166 852 304 930 linguam
315 853 517 924 chaldaicam
531 854 563 914 2⁰
576 855 655 917 hano
668 855 803 934 linguam
817 871 882 915 esse
896 855 1049 916 diversam
1063 873 1080 916 a
1093 856 1153 916 lin·

60 955 120 1016 goa
133 938 329 1009 hebraica;et
341 939 372 998 5⁰
387 940 522 1020 lingnam
535 941 710 1004 hebraicam
718 958 784 1002 esse
792 940 1153 1021 linguamcltananaeam*.

120 1087 139 1156 ς
153 1092 184 1140 11.
195 1115 224 1126 -
232 1093 326 1153 Lingua
335 1093 468 1154 originaria
479 1093 609 1143 Librorum
618 1106 743 1144 sacrormn
753 1095 887 1145 11111111
898 1095 959 1143 nori
971 1095 1088 1145 fuderis.

97 1231 173 1292 1111.
191 1232 237 1292 De
252 1231 357 1311 lingua
370 1233 537 1310 originaria
555 1232 689 1311 cujmvis
704 1234 792 1294 Libri
812 1234 891 1295 sacri
901 1233 1017 1294 veteris
1032 1250 1068 1295 ac
1080 1236 1156 1296 novi

61 1316 203 1378 l'oederis
214 1336 268 1378 suo
278 1317 346 1378 loco
357 1317 625 1392 disseruimus;hic
635 1321 791 1381 memoriae
798 1319 943 1399 juvaudae
953 1336 1044 1381 causa
1052 1321 1157 1399 paucis

62 1403 221 1464 dumtaxat
243 1403 410 1483 repetimus
434 1405 543 1465 Libros
567 1423 669 1467 sacros
691 1407 806 1467 veteris
827 1404 964 1466 Foederis
982 1407 1155 1483 generatim

63 1492 195 1570 scriptos
209 1507 275 1550 esse
288 1491 450 1564 hebraice,
465 1500 496 1552 et
509 1492 660 1554 illosuovi
672 1493 810 1554 Foederis
819 1509 930 1572 graece.

62 1648 130 1696 lsatae
140 1648 183 1711 36,
201 1650 241 1709 11,
258 1650 297 1697 ts.
308 1649 364 1697 rost
377 1649 548 1711 captivitatem
558 1651 731 1714 babylonicam
743 1651 873 1700 dumtaxat
883 1649 1002 1698 hebraica
1013 1655 1154 1713 nuncupata

61 1717 289 1767 ridetursludanis
306 1718 469 1778 tlettenlstis,
486 1720 529 1778 qut
546 1719 713 1779 loquebantur
723 1719 858 1779 graecmt
875 1719 910 1767 ita
926 1732 953 1766 se
971 1718 1156 1780 distinguerent

61 1786 92 1833 ab
101 1786 161 1834 aliis
170 1786 263 1833 Judaeis
270 1787 312 1847 qui
322 1787 485 1846 loquebantur
493 1788 609 1834 hebraice
622 1787 697 1846 (cont.
708 1788 777 1834 Estb.
788 1789 814 1847 5,
821 1788 845 1835 1.
854 1786 995 1835 Ecclesiast.
1005 1787 1124 1853 Preion).

90 1855 188 1914 unguo
201 1854 332 1915 hebraica,
342 1868 398 1914 qum
405 1855 543 1902 abrahamo
551 1854 655 1914 ejusque
663 1854 768 1914 posteris
778 1855 878 1914 propria
888 1855 1022 1914 remansit,
1032 1868 1112 1916 usque
1124 1856 1155 1906 ad

64 1921 239 1983 captivitatem
252 1922 424 1983 babylonicam
435 1934 497 1982 pura
509 1922 576 1969 inter
586 1922 684 1970 ludaeos
694 1922 838 1969 conservata
851 1921 912 1982 tuit,
924 1922 1081 1982 potissimum
1090 1926 1156 1985 quod

61 1991 131 2038 natio
144 1990 230 2038 iudaea
246 1991 277 2037 ab
292 1992 349 2038 aliis
363 1989 462 2050 populis
472 1990 522 2038 alio
535 1990 652 2038 idiomate
668 1990 827 2050 loquentibus
840 2002 887 2051 per
901 1990 970 2053 leges
987 1990 1116 2051 religiosas
1127 2006 1156 2041 ac

61 2060 177 2120 politicas
188 2059 288 2106 omnino
297 2062 411 2119 separata
422 2060 485 2106 erat.
497 2060 588 2107 Verum
599 2061 711 2119 tempore
723 2059 817 2106 ultimae
829 2057 982 2119 captivitatis
993 2058 1155 2120 babylonicae,

61 2141 118 2190 quas
128 2127 286 2189 septuaginta
298 2127 372 2176 aunis
383 2127 496 2190 durarit,
505 2128 585 2176 ludaei
596 2127 687 2187 linguas
697 2127 832 2176 chaldaica
843 2127 991 2176 adsuescere
1001 2128 1156 2190 debuerunt,

63 2197 169 2258 eoquod
178 2197 361 2245 cumchaldants
368 2196 488 2256 permixti
496 2198 579 2255 erant;
591 2209 668 2257 quare
679 2196 811 2244 reverside
820 2195 865 2243 hac
874 2197 1020 2256 captivitate
1028 2198 1155 2248 chaldaice

62 2265 234 2327 potiusquam
246 2265 363 2313 hebraice
374 2265 547 2325 loquebantur.
559 2266 619 2314 Cum
627 2267 712 2314 autem
720 2265 830 2326 linguam
842 2265 964 2314 hebream
974 2265 1075 2326 penitus
1084 2267 1156 2318 obliti

61 2346 112 2382 nou
125 2336 220 2393 essent,
232 2333 303 2380 illam
317 2334 406 2393 linguan
422 2332 556 2382 chaldaicae
572 2333 751 2382 admiscebant.
767 2333 818 2381 llas
833 2333 916 2395 lingua
931 2333 1057 2382 chaldaica
1072 2336 1156 2385 verbis

61 2401 191 2451 hebraicis
200 2405 226 2450 et
237 2402 339 2462 syriacis
349 2400 428 2449 mixta
438 2402 517 2450 ludaet
527 2404 639 2464 tempore
650 2403 711 2451 iesu
720 2401 809 2450 Christi
820 2402 995 2464 loquebantur.

91 2472 169 2518 Porro
177 2473 269 2531 triplex
278 2470 440 2531 distinguitur
448 2471 532 2532 lingua
540 2471 667 2521 chaldaica
676 2485 684 2520 a
692 2472 773 2533 prima
784 2472 822 2520 est
831 2472 957 2520 chaldaica
969 2473 1154 2536 propriedtcta,

60 2552 116 2601 qaas
135 2541 260 2599 Babylone
279 2541 393 2600 rigebat,
412 2542 440 2587 et
456 2543 552 2588 cacteris
568 2541 676 2600 puritate
692 2542 832 2600 praestabat.
848 2542 961 2589 Secunda
975 2544 1013 2588 est
1029 2543 1154 2593 chaldaica

61 2609 144 2656 111111
155 2621 226 2668 pura,
244 2608 428 2655 characteribus
438 2611 464 2655 et
480 2609 611 2655 idiotismis
623 2621 637 2654 a
648 2609 725 2668 priori
737 2608 852 2655 distincta
866 2610 893 2656 et
903 2608 1040 2656 antiochiae
1050 2612 1153 2670 usitata;

61 2677 114 2726 hae
125 2678 225 2736 proprie
240 2678 333 2733 misen
351 2674 429 2720 audit.
444 2674 527 2720 Tertia
541 2676 581 2722 est
594 2676 790 2733 swechutdmcn
805 2675 981 2734 Hierosolymis
991 2676 1118 2738 adhibita,
1128 2683 1155 2728 et

60 2745 119 2794 hinc
132 2745 349 2801 ttenotpnttanu,
359 2743 442 2788 Jadoeo
448 2773 457 2798 ,
474 2743 500 2788 et
510 2742 586 2788 etiarn
596 2742 708 2789 lubroi'ca
719 2744 817 2790 111111.

87 2814 99 2835 ·
110 2815 235 2869 Linguam
251 2809 388 2868 habraam,
404 2808 487 2868 aiunt,
503 2821 557 2856 esso
572 2809 684 2868 linguam
695 2809 853 2856 chananaeam
869 2823 914 2859 seu
929 2810 1080 2871 phoeniciam
1096 2827 1155 2862 cou-

59 2885 108 2933 sht
120 2884 145 2927 1υ
156 2893 190 2926 ex
201 2877 329 2938 lsaia‚qui
341 2878 426 2939 19,111,
439 2878 549 2937 lingrum
560 2877 685 2926 hebream
695 2881 768 2926 vocat
776 2880 882 2938 liugnam
893 2880 1043 2929 Canauna?
1052 2883 1154 2932 Nomina

59 2950 164 3013 propria
177 2949 284 2995 locorum
296 2948 322 2994 et
332 2948 461 2995 homiuum
473 2945 581 3007 regionis
594 2946 723 3008 chanaan,
740 2960 795 3007 quaa
806 2949 833 2994 in
848 2948 919 2996 libris
930 2950 1033 2999 Genesis
1044 2953 1072 3000 et
1081 2953 1154 3001 losue

60 3018 213 3076 occurrunt,
223 3017 281 3063 suut
292 3015 424 3076 hebraica,
436 3016 464 3063 ut
474 3015 575 3074 indulso,
585 3015 663 3064 Solem
669 3048 678 3073 ‚
689 3015 789 3074 sichela,
799 3016 941 3075 Bethlehem,
950 3021 1031 3080 Sapor,
1043 3022 1155 3070 Coriolis·

60 3087 140 3144 Arte,
152 3085 314 3133 Melchisedech
320 3118 327 3142 ,
339 3083 472 3133 Atimelscb
478 3117 486 3142 ,
503 3084 602 3142 111111,
622 3085 671 3131 etc.
691 3085 717 3130 5ο
727 3085 817 3132 &ebro
834 3083 861 3131 ln
878 3084 959 3132 Libris
974 3087 1050 3135 sacris
1064 3089 1155 3148 legitor

60 3155 229 3202 Ambamum
248 3153 350 3212 ejusque
371 3154 481 3212 posteros
492 3165 548 3200 cum
566 3152 710 3200 Chanaussis
721 3153 819 3212 negotia
833 3165 881 3200 nee
897 3165 998 3200 uoures
1008 3156 1090 3215 magui
1101 3169 1155 3206 mo

61 3224 143 3272 menti
154 3223 292 3282 peregisse,
304 3223 376 3281 atque
391 3223 429 3270 sat
439 3222 579 3270 insinuatur
595 3234 638 3269 eos
653 3223 679 3269 et
694 3222 843 3270 (hmanaos
860 3221 948 3270 eadem
966 3223 1050 3282 lingua
1061 3225 1155 3275 locutos

62 3303 128 3341 esse.
138 3291 165 3338 1ο
175 3292 235 3338 cusu
248 3291 388 3338 Patrtarcha
399 3290 490 3351 loseph
502 3303 528 3337 so
544 3290 596 3339 suis
606 3290 724 3338 iratribus
738 3290 765 3338 in
775 3291 878 3352 AEgypto
887 3291 1046 3340 manifestare
1062 3296 1154 3356 nollet,

63 3360 101 3410 eis
111 3372 157 3422 per
167 3359 329 3420 interpretem
339 3360 436 3407 loeutus
447 3362 498 3421 est;
510 3359 530 3407 si
543 3359 643 3407 illorum
653 3360 737 3421 lingua
749 3359 850 3408 tamilla
861 3360 969 3421 ipsorum
984 3361 1082 3423 propria
1093 3363 1156 3412 luis-

61 3432 115 3491 set,
126 3442 176 3477 non
188 3442 248 3475 vero
264 3430 358 3489 regioni
374 3429 502 3488 chanaan,
514 3429 557 3476 ubi
569 3429 660 3490 loseph
676 3429 839 3491 interpretem
850 3441 935 3478 eorum
951 3430 1042 3491 linguae
1052 3444 1154 3491 guarum

61 3496 215 3560 sepertuett
229 3499 254 3543 1ο
270 3499 376 3544 ttaxima
389 3498 522 3546 intercedit
539 3498 697 3546 conlonuitus
710 3498 821 3559 linguam
837 3499 977 3546 hebraicam
992 3499 1059 3547 iuter
1069 3502 1155 3549 ettiu-

62 3579 138 3628 μ
147 3567 277 3627 punicam,
288 3580 344 3626 quae
354 3569 392 3615 est
401 3567 525 3627 phoenicia
534 3581 581 3616 seu
591 3568 734 3616 channaa.
747 3569 931 3627 llierouymusa
947 3586 960 3610 α
972 3571 1039 3616 Puni
1047 3604 1055 3629 ,
1063 3570 1155 3631 inquit,

64 3653 78 3678 ι
87 3647 202 3685 11111111
218 3637 332 3694 corrupto
342 3636 411 3695 quasi
423 3636 509 3682 l‘lroeni
521 3637 688 3696 appellantur,
699 3649 801 3696 quorum
810 3637 893 3696 lingua
905 3637 1011 3686 hebraeas
1021 3651 1109 3700 magua
1120 3653 1154 3690 ex

63 3705 160 3766 »purte
171 3702 257 3750 'uiduis
272 3705 309 3750 cst
321 3721 334 3744 »
348 3702 443 3764 (Lina
460 3705 486 3750 iu
501 3705 608 3764 lerum,
624 3719 647 3752 c.
659 3702 715 3764 25).
733 3705 898 3765 Augustinus:
911 3723 925 3747 a
936 3707 1023 3767 Hunc,
1039 3709 1088 3768 ait,
1102 3710 1154 3759 lio-

63 3789 79 3816 »
88 3772 151 3821 hreni
160 3771 247 3819 (ticum
257 3772 380 3833 llessiam,
390 3773 455 3831 quod
467 3773 571 3819 verbum
582 3773 678 3833 punicae
689 3773 780 3833 lingum
791 3785 926 3821 consonum
935 3777 984 3834 nst,
994 3777 1057 3823 sicut
1067 3778 1093 3824 ct
1103 3777 1153 3826 altu

62 3857 80 3886 ι
88 3840 190 3891 hebrea
202 3842 325 3900 permulta
335 3841 362 3888 et
374 3853 438 3901 peno
448 3840 538 3887 omnia.
550 3858 563 3882 »
575 3841 681 3903 (Quust.
690 3841 717 3889 in
729 3843 792 3890 Gen.
802 3843 821 3891 1.
833 3842 858 3901 1,
869 3846 954 3890 contra
966 3844 1061 3894 litteras
1068 3847 1152 3907 Petit,

61 3923 88 3961 e.
97 3905 170 3971 tot).
181 3909 300 3969 Origenes
308 3909 368 3971 (111.
380 3911 409 3967 5,
420 3912 504 3957 contra
512 3910 623 3971 cabum)
632 3911 669 3958 l'l.
681 3912 802 3972 losepbus
815 3910 876 3969 (111.
889 3913 900 3957 1
911 3915 995 3960 contra
1007 3915 1151 3980 apionem),

63 3979 184 4030 euentu
200 3976 261 4043 (lib.
273 3981 302 4039 9,
313 3992 368 4039 cap.
379 3980 408 4037 9,
420 3980 546 4026 Demonst.
558 3981 650 4041 Euang.
659 3978 684 4041 ),
696 3981 801 4028 bochart
817 3978 876 4036 (lib.
888 3981 903 4026 2
913 3980 1046 4045 Chanaan)
1059 3985 1152 4047 aliique

62 4049 179 4099 ment
190 4047 387 4096 conionnitatem
403 4048 495 4109 lingum
506 4047 628 4097 hebraica
643 4061 700 4098 cum
712 4050 795 4111 lingua
811 4048 901 4111 punica
911 4062 956 4098 sou
970 4052 1151 4114 carthaginensi

63 4118 107 4167 rel
118 4116 244 4181 phoenicia
257 4117 426 4166 observarunt.
452 4111 457 4117 ’
