2708 4846
225 439 271 484 502
665 435 869 484 CONCLUSIO.

224 535 388 607 negaturus
401 532 463 598 est,
474 528 718 605 Hierosolymam
731 544 885 588 varocum
896 543 952 586 suo
966 527 1086 607 templo
1097 525 1308 588 devastandam

225 631 306 685 esse,
320 621 410 691 atque
427 613 515 692 hujus
536 615 733 676 desolationis
745 614 860 674 nullum
872 611 1070 673 lore'linem:
1087 635 1106 670 u
1120 614 1308 694 Septuaginta

225 721 241 758 ιι
254 700 461 762 hebdomades
473 699 659 760 abbreviatae
672 708 741 762 sunt
752 718 843 778 super
854 699 1001 779 populum
1014 707 1119 771 tuum,
1134 701 1181 760 ait
1192 702 1308 763 Gabriel

224 806 240 843 ιι
253 785 389 855 Danieli,
406 794 437 846 ct
449 803 540 864 super
551 787 659 846 urbem
679 794 815 847 sanctam
833 793 930 856 tuam,
945 793 979 845 ut
994 793 1308 867 consummeturpra·

223 889 241 926 n
253 870 413 948 varicatio,
432 877 463 929 et
476 870 567 929 linem
580 871 709 948 accipiat
722 877 893 950 peecatum,
908 877 940 930 et
954 870 1103 931 deleatur
1115 873 1270 950 iniquitas,
1281 881 1308 933 et

223 974 240 1011 ιι
254 954 420 1017 adducatur
430 954 546 1032 justitia
555 957 755 1034 sempiterna,
769 964 802 1015 et
813 956 977 1036 impleatur
988 956 1083 1028 visio,
1095 965 1130 1016 et
1140 956 1306 1037 prophetia,

224 1061 240 1097 s
254 1049 287 1102 et
296 1050 428 1120 ungatur
439 1044 566 1103 Sanctus
578 1050 759 1103 sanctorum.
773 1043 856 1102 Scito
870 1059 955 1118 ergo,
971 1049 1003 1101 et
1015 1043 1231 1105 animadverte
1243 1064 1251 1103 ι
1263 1044 1306 1105 hb

225 1145 240 1183 ι
253 1126 338 1186 exitu
347 1128 506 1197 sermonis,
515 1135 549 1186 ut
557 1128 666 1188 iterum
678 1125 845 1188 aedificetur
854 1127 1044 1198 Jerusalem,
1056 1146 1158 1207 usque
1166 1129 1203 1190 ad
1213 1129 1306 1193 Chris·

226 1231 240 1266 n
254 1219 317 1271 tum
342 1210 467 1283 ducem,
493 1212 700 1273 hebdomades
721 1220 853 1290 septem,
872 1219 905 1272 et
924 1210 1145 1274 hebdomades
1162 1214 1306 1293 sexaginta

225 1315 240 1353 x
253 1296 322 1358 duae
340 1306 429 1358 erunt
443 1318 450 1357 :
466 1305 498 1358 et
516 1316 634 1358 rursum
646 1297 847 1359 aedificabitur
858 1298 975 1376 platea,
990 1306 1024 1358 et
1034 1301 1119 1360 muri
1133 1301 1165 1361 iu
1176 1301 1303 1378 angustia

224 1402 239 1436 n
254 1389 435 1462 temporum.
444 1384 559 1461 Etpost
569 1382 777 1444 hebdomades
787 1382 945 1460 sexaginta
954 1383 1032 1444 duas
1041 1385 1303 1448 occidetuern‘s

225 1488 240 1521 n
253 1475 301 1527 tus
316 1488 323 1525 :
339 1475 371 1527 et
384 1485 444 1527 non
455 1468 515 1527 erit
527 1468 593 1546 ejus
605 1469 745 1547 populus,
758 1468 811 1545 qui
824 1485 893 1528 eum
903 1476 1073 1546 negaturus
1088 1478 1145 1531 est
1157 1469 1301 1530 lltcirita·

225 1575 239 1608 n
253 1560 315 1613 tem
335 1562 366 1614 et
385 1555 588 1614 sanctuarium
606 1554 766 1633 dissipabit
781 1554 908 1633 populus
924 1572 996 1615 cum
1016 1555 1100 1617 duce
1114 1565 1256 1618 venturo:
1273 1563 1301 1615 et

223 1637 321 1701 »linis
340 1639 404 1717 ejus
417 1641 555 1710 vastitas,
570 1647 602 1700 et
618 1648 686 1719 post
701 1638 793 1700 finem
807 1640 881 1700 belli
896 1647 1008 1700 statuta
1021 1641 1188 1704 desolatio.
1199 1639 1301 1706 mutr-

202 1717 209 1730 '
222 1745 239 1780 ιι
251 1726 349 1785 mabit
360 1733 460 1785 autem
472 1733 593 1804 pactum
606 1726 708 1786 multis
717 1724 909 1786 hebdomade
919 1741 981 1785 una
991 1744 1001 1784 ι
1013 1734 1046 1787 et
1055 1727 1092 1787 iu
1102 1727 1229 1789 dimidio
1237 1726 1300 1787 heb

223 1808 390 1872 odomadis
407 1809 531 1872 deficiet
551 1810 650 1872 hostia
671 1818 702 1871 et
720 1809 901 1872 sacrificium
918 1828 925 1867 z
941 1817 973 1869 et
987 1811 1050 1871 erit
1062 1812 1099 1872 in
1113 1813 1225 1891 templo
1240 1810 1298 1871 abo

224 1897 377 1956 »minatio
398 1897 595 1958 desolationis
616 1916 624 1955 ι
648 1903 680 1957 et
697 1914 793 1976 usque
812 1897 851 1959 nd
868 1898 1169 1960 consummationem
1181 1896 1297 1959 etlincu

223 2000 238 2036 n
251 1982 462 2060 perseverabit
474 1982 623 2043 desolatio
633 1983 653 2041 ¹.
670 2003 686 2039 ιι

256 2064 289 2124 8⁰
302 2066 460 2137 Michaeas,
474 2069 561 2128 lsaiae
579 2075 866 2147 contemporaneus,
881 2065 1025 2146 designat
1037 2069 1141 2148 ipsum
1152 2068 1295 2137 locum,io

221 2169 280 2229 quo
301 2153 427 2214 Messias
439 2162 506 2231 post
525 2157 734 2232 septingentos
754 2153 877 2215 circiter
897 2169 994 2214 annos
1008 2154 1043 2213 in
1056 2153 1164 2216 lucem
1178 2152 1296 2216 edendos

222 2245 287 2298 erat
311 2258 319 2297 ι
342 2260 358 2295 ιι
379 2241 418 2299 Et
436 2247 470 2299 tu
487 2240 669 2300 Bethlehem
678 2240 827 2319 Ephrata,
842 2239 899 2310 ait,
914 2240 1060 2317 parvrtlus
1074 2242 1120 2310 cs,
1133 2243 1167 2303 in
1178 2240 1295 2302 mihim

222 2321 330 2381 »luda
352 2342 361 2380 a
385 2341 423 2382 ex
444 2331 476 2383 te
497 2323 574 2382 mibi
598 2325 776 2401 egredietur
794 2325 846 2402 qni
862 2325 903 2384 sit
922 2324 1147 2388 dominatoriu
1159 2325 1294 2398 lerache·

221 2425 238 2462 ιι
251 2422 389 2483 egressus
403 2406 467 2482 ejus
480 2407 518 2466 ab
531 2407 619 2465 initio
632 2408 768 2468 adiebus
780 2409 989 2470 aeternitatis⁸
1004 2431 1022 2466 n

254 2488 288 2551 9ο
297 2490 917 2590 Malachiaspraenuntiavitl’raecursorem
925 2484 1084 2558 Messiae'.

256 2572 307 2635 90ο
319 2575 461 2654 hggaeus,
475 2576 520 2636 uti
538 2581 570 2635 et
588 2576 767 2647 malachias,
784 2579 929 2656 praedixit
946 2581 1097 2642 messiam
1112 2582 1293 2645 adrutum

220 2676 287 2722 esse
299 2669 396 2722 stante
408 2661 541 2723 secundo
554 2662 668 2741 templo
681 2652 989 2741 hierosolymitano‘.

256 2745 783 2826 ll⁰Zachanaspraed1c1thommum
793 2747 1020 2828 redemptorem
1031 2751 1237 2830 prodendum,
1247 2749 1294 2856 tri·

218 2830 304 2912 ginta
316 2831 398 2892 siclis
416 2833 568 2910 argenteis
584 2831 827 2903 divendendum,
842 2840 873 2892 et
886 2850 904 2892 a
916 2834 978 2894 suis
992 2851 1063 2896 esse
1077 2823 1293 2898 deserendml

255 2918 302 2975 Ex
313 2914 398 2976 bisce
415 2917 533 2987 elucet,
545 2917 761 2995 promissiones
778 2935 813 2979 ae
825 2917 969 2978 vaticinia
982 2919 1093 2982 divina
1103 2922 1295 2984 deldessiseo

219 2999 348 3061 clariora
358 3009 389 3060 et
398 3000 605 3062 distinctiora
596 3020 629 3062 ιιι
642 3002 757 3064 Bibliis
764 3004 856 3064 sacris
870 3000 952 3074 lieri,
963 3022 1024 3081 quo
1033 3022 1137 3084 genus
1146 3006 1294 3068 hommum

218 3085 313 3163 magis
327 3085 519 3164 redemptore
532 3085 705 3165 indigebat,
721 3095 752 3147 et
764 3106 824 3166 quo
834 3087 959 3167 propius
975 3089 1042 3167 ejus
1056 3092 1208 3154 adventus
1218 3094 1295 3153 insta·

218 3169 281 3231 bat.
304 3171 410 3240 Voluit
420 3173 501 3230 Deus
513 3188 598 3248 spem
610 3179 701 3249 atquc
715 3170 807 3232 iidem
822 3172 926 3233 miseri
942 3176 1070 3252 generis‘
1088 3176 1294 3240 bumanihisce

217 3256 279 3316 suis
300 3255 438 3317 Oraeulis
457 3255 561 3316 lovere
580 3265 613 3316 at
632 3274 781 3318 exacuere
788 3276 904 3336 ,usque
916 3258 990 3319 dum
1007 3262 1160 3324 tandem
1149 3281 1246 3344 ipsum
1256 3279 1295 3323 re

218 3343 349 3404 dimeret

254 3428 445 3509 Reperitur
435 3447 468 3489 m
479 3428 579 3490 Libris
591 3431 684 3492 sacris
697 3430 834 3494 doctrina
847 3433 1013 3504 excellens,
1025 3434 1163 3517 simplex
1174 3436 1296 3500 etsnbti·

217 3518 284 3590 mis,
295 3518 336 3579 de
346 3518 413 3577 Deo
428 3516 641 3595 divinisque
614 3535 679 3589 epus
689 3519 853 3592 attributis,
867 3526 898 3580 et
908 3521 1109 3600 quidemjum
1118 3525 1202 3587 tradi
1210 3531 1296 3604 exepta

216 3605 337 3683 quando
350 3621 447 3683 genus
458 3603 622 3665 humanum
631 3604 752 3667 adhuc
743 3625 776 3667 m
788 3625 841 3667 sua
853 3607 981 3668 infantia
993 3618 1078 3682 erat,
1090 3621 1123 3673 et
1133 3616 1296 3675 continuata

216 3690 336 3767 quando
347 3697 427 3751 totus
439 3690 504 3751 lere
515 3699 663 3751 terrarum
673 3692 756 3753 orbis
767 3693 888 3770 spissis
879 3696 1063 3772 ignorantiae
1074 3699 1233 3762 tenebris'
1224 3715 1297 3760 mro

216 3776 296 3836 lutus
316 3782 396 3845 arat,
408 3793 444 3836 ac
457 3775 577 3852 quando
591 3778 720 3837 maxima
737 3795 807 3856 pars
819 3779 977 3839 bominum
987 3790 1151 3847 creaturas
1162 3794 1196 3848 et
1207 3784 1296 3847 inania

217 3871 386 3923 commenta
397 3862 551 3924 adorabat
568 3865 746 3923 invenitur
737 3883 770 3925 ιιι
780 3866 841 3927 rlhs
855 3866 995 3928 doctrina
1004 3868 1296 3949 praestantissimus

219 4039 247 4074 ι
241 3972 365 4090 mni?
361 3974 460 4102 21ζῖτῦ
454 3973 689 4105 ῖῖιὲίιίιῶἳ-
660 3955 912 4039 -991ι1ιι1ιη3ᾼ-
883 3976 1294 4046 -Ἣ9Αιῧωω27ωῐιὼ39
