2708 4846
186 461 235 510 δεῖ
587 457 635 504 nn
658 451 882 504 insusurra

184 569 253 612 rum
272 552 355 629 regis
377 549 525 609 auxilium
541 547 731 627 imploravit3
752 546 843 606 isaias
861 551 965 604 autem
985 543 1071 621 jussu
1093 543 1152 603 liei
1169 542 1254 603 hocei

184 636 506 716 dissuasit‚'pollicitus
523 635 627 694 ambos
641 649 730 710 reges
748 648 819 690 mox
839 630 1032 696 interituros,
1047 637 1081 688 et
1095 629 1128 688 in
1141 629 1187 689 rei
1201 645 1254 708 pro

183 723 282 783 missae
296 722 387 782 fidem
396 722 496 781 oblata
509 720 650 780 facultate
663 718 742 797 signi
756 715 969 794 cujuscumque
982 715 1111 794 petendi
1125 714 1224 790 (isaia
1233 714 1254 785 l,

184 807 216 866 ll
232 810 253 883 ).
268 807 369 867 Achaz
383 822 457 865 vero
472 806 528 865 sub
541 812 690 883 praetextu
700 802 781 880 quod
793 804 891 862 Deum
904 808 1025 861 tentare
1043 799 1145 859 noiiet
1155 799 1255 877 sigum

181 901 290 971 petere
302 892 404 952 renuit
413 891 468 966 (ib.
479 909 508 951 v.
520 890 580 965 it);
595 906 688 967 quare
701 889 803 956 Isaiae,
814 887 996 966 exprobrata
1003 886 1052 945 ilii
1065 902 1120 946 sua
1132 886 1165 946 in
1176 886 1255 946 bem

183 977 363 1047 diffidentia,
378 977 472 1035 verba
485 975 523 1035 ad
537 975 653 1053 regiam
671 973 797 1033 Davidis
809 972 954 1032 iamiliam
966 978 1174 1032 convertens:
1187 973 1256 1030 elh-

136 1115 139 1123 .
183 1062 276 1132 ubit,
288 1063 401 1139 inquit,
415 1061 562 1121 Dominus
582 1062 647 1139 ipse
661 1060 750 1120 vobis
767 1059 906 1138 signum:
922 1060 1002 1119 Ecce
1012 1058 1104 1136 virgo
1123 1055 1256 1137 eoncipiet

183 1167 200 1204 u
214 1155 245 1207 ct
254 1148 353 1225 pariet
363 1146 469 1216 lilium,
478 1155 509 1206 et
516 1147 676 1206 vocabitur
684 1162 795 1204 nomen
806 1142 871 1220 ejus
880 1141 1256 1220 Emmanuelncmnreffl

180 1232 306 1293 Davidis
326 1232 458 1301 familia,
484 1249 578 1309 equa
598 1231 700 1291 Achaz
723 1229 945 1300 descendebat,
962 1227 1091 1308 jamjam
1113 1228 1256 1289 interitura

180 1316 349 1387 videretur,
364 1334 424 1392 quo
436 1316 556 1393 longius
569 1323 697 1376 eventus
709 1313 798 1390 hujus
816 1314 954 1373 vaticinii
973 1314 1097 1385 aberat,
1111 1330 1150 1374 eo
1163 1313 1256 1374 centor

181 1401 234 1461 ilia
247 1408 312 1460 erat
324 1418 357 1460 se
369 1419 429 1460 non
440 1401 631 1460 interituram
643 1417 721 1470 esse,
734 1416 771 1459 eo
784 1398 865 1477 quod
880 1399 1063 1458 Emmanuel
1075 1415 1133 1459 sen
1150 1398 1256 1460 timia

182 1504 221 1547 ex
230 1488 296 1565 ipsa
308 1488 477 1547 nasciturus
489 1495 564 1547 erat.

240 1617 536 1685 seem-Sententia
548 1621 579 1669 de
588 1621 662 1669 textu
672 1621 741 1670 lsaiae
752 1621 777 1681 7,
790 1619 828 1668 rt.
840 1620 1015 1682 interpretatio
1026 1621 1059 1669 1).
1071 1621 1204 1671 herblehl.

217 1743 289 1797 345.
300 1743 429 1801 Veteres
441 1741 542 1800 Judaei
553 1758 588 1801 ac
600 1742 749 1811 babbini,
764 1743 801 1801 R.
816 1741 1011 1800 SimeonBen
1021 1741 1136 1814 Johai,
1147 1741 1255 1803 ltludr

181 1825 397 1903 llakkadoseh‚
415 1826 452 1885 a.
475 1825 646 1896 Hadarsan,
672 1827 710 1886 a.
733 1826 909 1894 Barachias,
934 1832 1013 1896 ete,
1038 1827 1071 1886 S.
1098 1827 1255 1897 Matthaeus,

180 1927 285 1970 omnes
294 1910 439 1970 Ecclesiae
451 1911 569 1980 Patres,
581 1919 670 1986 atque
681 1911 866 1986 iuterpretes
878 1926 973 1986 usque
983 1909 1023 1968 ad
1033 1911 1179 1971 saeculmn
1188 1913 1256 1972 deci·

179 2015 261 2056 mum
272 1997 411 2074 quintmn
421 1996 480 2056 lroe
495 1997 672 2056 vaticinium
684 1995 873 2065 litteraliter,
887 2012 941 2054 seu
954 1996 986 2053 in
1002 2013 1099 2057 sensu
1109 1997 1255 2068 historico,

179 2080 218 2140 de
232 2082 342 2141 Messia
356 2089 387 2140 et
404 2082 525 2158 virgine
544 2079 608 2156 ejus
626 2088 722 2140 matre
741 2080 969 2139 intellexerunt.
987 2082 1111 2141 Saeculo
1129 2084 1214 2143 tertio
1232 2092 1257 2147 et

179 2174 285 2241 quarto
312 2165 534 2225 Thalmudistas
557 2182 592 2223 ac
614 2164 770 2223 Rabbinos
795 2164 874 2223 hanc
899 2163 984 2223 isaiae
1015 2165 1203 2244 prophetiam
1223 2165 1258 2227 de

179 2252 288 2311 Massia
301 2251 399 2311 adhue
420 2251 607 2310 intellexisse
623 2268 661 2310 ex
684 2250 873 2310 Tertulliano
890 2249 897 2271 ⁸
917 2257 949 2309 ot
965 2252 1104 2311 Eusebio
1118 2251 1129 2276 ⁸
1141 2261 1257 2314 consul.

178 2335 286 2392 Postea
313 2343 413 2393 autem
434 2334 553 2401 ludaei,
575 2334 720 2409 majorum
741 2342 855 2394 mutata
877 2336 1046 2406 sententia,
1079 2354 1139 2416 per
1156 2337 1257 2398 dietam

178 2417 404 2476 Emmanuelem
414 2417 631 2476 intellexerunt
640 2435 745 2498 regem
755 2419 930 2490 Ezechiam,
968 2419 1077 2481 Achae
1099 2421 1257 2492 ithuman

132 2499 142 2520 ⁸
178 2499 384 2580 liliumipsum
399 2503 493 2562 isaiae.
1196 2517 1205 2535 ·

213 2585 257 2644 Ex
267 2586 508 2645 Protestantibus
518 2593 549 2644 et
561 2585 727 2648 Catholicis
741 2587 877 2649 asaeculo
889 2594 975 2648 sexto
992 2587 1119 2650 decimo
1132 2591 1256 2660 inerunt,

177 2672 230 2749 qui
246 2671 483 2742 contenderunt,
503 2674 609 2731 lsaiam
627 2675 660 2733 in
681 2676 827 2735 vaticinio
850 2677 893 2751 (c.
917 2674 949 2746 7,
969 2675 1257 2752 inminentium

175 2757 314 2834 proxime
328 2757 463 2816 locutum
480 2774 546 2817 esse
561 2757 599 2817 de
617 2777 709 2821 uxore
727 2761 810 2838 regis
822 2760 938 2829 hehaz,
955 2761 1009 2821 vel
1027 2762 1070 2823 de
1083 2783 1138 2825 sua
1150 2767 1256 2845 propria

176 2858 269 2900 uxore
279 2886 287 2911 ,
298 2840 348 2900 vei
362 2840 401 2899 de
411 2842 470 2899 alia
483 2859 671 2919 quacumque
683 2846 800 2923 puella,
814 2853 956 2923 quactum
969 2846 1074 2908 adhue
1085 2849 1255 2928 virgo,deir

176 2927 242 2985 viro
258 2928 366 3002 juncta
379 2928 556 3002 conciperet
573 2945 608 2986 ac
628 2940 747 3005 pareret
759 2932 1002 3003 Emmanuelem,
1017 2943 1055 2992 ut
1067 2937 1189 3016 signnm
1202 2937 1256 3016 opis

176 3008 305 3075 divinae,
315 3015 347 3067 et
359 3008 466 3068 tuturae
479 3009 669 3071 liberationis
679 3013 718 3071 ab
728 3012 866 3074 hostibus
877 3015 1017 3076 Judaeam
1026 3017 1253 3081 devastantibm

175 3092 410 3154 contendebant
428 3102 528 3153 autem
544 3094 696 3157 Catholici
716 3099 945 3160 Emmanuelem
961 3103 1058 3162 istum
1076 3103 1203 3184 figuram
1212 3122 1253 3166 seo

174 3184 279 3256 typum
302 3179 393 3239 tuisse
415 3180 552 3249 Messias,
578 3182 621 3240 ita
646 3189 679 3241 ut
700 3184 826 3245 Messias
848 3186 881 3244 in
898 3202 991 3247 sensu
1012 3191 1193 3270 typoiogieo
1211 3206 1253 3251 sea

173 3264 301 3339 mystico
319 3263 372 3322 illa
386 3263 418 3322 in
430 3262 590 3341 prophetia
599 3266 829 3343 praediceretur.
841 3272 886 3331 ita
895 3271 959 3332 tere
970 3289 1010 3332 ex
1019 3273 1193 3338 Catholicis
1199 3292 1252 3337 aaa·

173 3355 278 3407 serunt
290 3349 382 3407 Bem.
395 3349 504 3424 Lamy,
514 3351 592 3408 Dan.
605 3352 748 3423 liuetius,
763 3355 843 3432 hug.
858 3356 978 3418 Catmet
990 3357 1122 3436 aliique.

210 3431 366 3492 Sociniani
380 3440 412 3492 et
421 3434 544 3494 Grotius
552 3437 780 3512 praetenderunt
805 3440 859 3499 illo
876 3441 909 3500 in
939 3443 1091 3506 vaticinio
1104 3445 1147 3507 de
1157 3444 1250 3508 uoci·

172 3516 345 3576 nuliatenus
358 3518 422 3594 agi,
437 3516 553 3594 hosque
565 3536 602 3578 ex
615 3520 782 3583 Catholicis
794 3525 909 3603 primus
925 3533 1049 3588 secutus
1066 3537 1116 3589 est
1135 3532 1250 3591 imma

170 3600 351 3745 Laurentisne
362 3602 534 3674 isenbiehl,
548 3604 709 3683 presbyter
722 3608 864 3670 dioeeesis
877 3610 1087 3688 Moguntinae,
1102 3623 1137 3676 et
1148 3616 1248 3693 Exue

170 3701 239 3747 aeos
251 3703 305 3764 pro
319 3702 412 3747 assor.

208 3772 266 3831 iiic
286 3788 365 3831 anno
387 3772 460 3830 4775
476 3775 509 3832 in
533 3776 595 3834 suis
613 3775 862 3853 praelectionibus
887 3781 1061 3859 exegeticis
1078 3784 1184 3846 docuit
1204 3793 1248 3861 per

170 3855 396 3919 Emmanuelem
414 3860 500 3919 isaiae
518 3860 553 3930 7,
568 3862 619 3930 ii,
635 3883 650 3919 o
669 3863 813 3924 Messiam
835 3883 894 3927 nee
910 3866 1039 3928 litterali
1059 3886 1122 3932 nec
1139 3868 1247 3948 mystica

171 3957 298 4003 »sensu
329 3945 562 4024 intelligendum
584 3965 671 4018 esse,
699 3949 754 4009 sed
780 3951 958 4013 Matthaemn
979 3954 1069 4017 lsaiae
1094 3963 1206 4017 textum
1222 3957 1248 4012 ut

200 4045 213 4083 ¹
223 4050 317 4099 lerini.
327 4052 396 4102 cont.
412 4054 517 4115 tudaeos,
533 4068 555 4103 c.
567 4055 591 4105 9.
605 4080 634 4092 -
644 4052 657 4090 ¹
674 4057 764 4106 Eusob.
780 4059 835 4108 bib.
845 4060 871 4120 8,
881 4060 1009 4111 bonomi.
1027 4064 1134 4127 lirant.⁸
1145 4076 1168 4114 e.
1177 4062 1198 4113 7.
