2708 4846
239 466 286 519 idi
687 470 866 519 tennnbtx

239 558 288 627 ib',
305 558 365 637 ta).
379 559 444 619 Hac
456 555 495 618 de
512 572 601 619 causa
615 567 765 638 emptores
782 567 812 620 et
828 559 1015 621 mercatores
1029 559 1190 620 bssanrem
1205 565 1236 620 et
1250 558 1311 637 tapi-

239 646 308 714 deS,
320 646 403 722 juxta
417 646 506 706 tinum
516 646 748 723 pondusiactos‚
764 648 797 706 in
806 647 924 708 sacculo
937 647 1084 707 terebant
1098 643 1265 721 (Deutbd,
1276 646 1310 703 te.

236 732 325 790 Prov.
351 730 401 801 to,
418 732 462 793 ii.
485 733 578 793 blich.
594 730 628 802 6,
650 733 713 806 ii).
737 733 874 792 Pondera
895 732 990 810 igitur
1011 732 1224 792 Hebraeormu
1242 741 1312 792 erant

235 818 325 879 simul
340 820 453 879 nummi
466 836 528 877 non
545 818 625 888 cusi;
645 835 737 897 quare
754 818 889 896 pondera
912 834 1020 879 eorum
1040 819 1169 897 argenti
1191 827 1223 881 et
1240 819 1310 883 auri.

236 913 325 984 atque
335 913 464 966 monetae
477 905 556 965 haud
569 923 648 966 cusae
662 948 671 975 ‚
685 903 724 964 ad
735 904 873 964 eamdem
885 921 1025 963 normam
1043 905 1228 966 aestimanda
1245 912 1309 966 sunt.

271 993 391 1068 Moyses
402 991 615 1051 rectitudinem
624 989 792 1070 ponderum
799 995 955 1050 curaturus
964 1006 1001 1050 ac
1012 998 1261 1060 conservaturus,
1273 1006 1310 1050 eo

234 1098 301 1139 rum
314 1097 349 1140 ac
361 1096 568 1140 mensurarum
579 1095 697 1138 normas
708 1077 886 1155 archetypas
898 1075 1054 1154 (detorta)
1068 1078 1106 1138 in
1125 1096 1212 1139 sacro
1226 1077 1310 1137 taber

235 1165 341 1225 naculo
348 1166 509 1226 servandas
517 1163 752 1242 tradiditdinod.
761 1162 814 1232 50,
826 1161 869 1221 13.
881 1163 955 1222 Lev.
969 1163 1094 1240 mat),
1107 1170 1143 1223 ut
1152 1163 1310 1224 sacerdotes

231 1250 315 1328 juxta
326 1254 393 1313 illas
406 1253 463 1311 alia
481 1250 618 1330 pondera
630 1266 665 1310 ac
679 1266 834 1309 mensuras
847 1248 1032 1327 probarent,
1047 1265 1220 1327 eorumque
1230 1248 1309 1309 roet'e

233 1339 369 1398 tudinem
382 1345 521 1398 curarent
535 1339 560 1397 *.

269 1425 325 1483 liae
347 1440 475 1492 normae,
496 1437 562 1499 quae
574 1420 673 1498 quoad
686 1419 804 1501 pondus
815 1417 995 1498 quandoque
1016 1414 1137 1498 pondua
1152 1419 1308 1480 Satricani

231 1515 453 1586 nuncupantur,
472 1506 553 1584 quod
573 1508 606 1565 in
621 1507 817 1567 tabernaculo
835 1507 884 1567 vet
903 1506 1018 1583 templo
1040 1504 1299 1567 custodiebantm.

231 1604 335 1675 postea
346 1596 376 1653 in
387 1595 532 1673 templum
541 1592 841 1672 hierosolymitanum
850 1591 959 1652 delatae
969 1591 1112 1663 fuerunt,
1119 1592 1172 1652 ubi
1179 1591 1301 1652 moerim

230 1681 409 1742 constitutus
431 1681 544 1758 legitur
563 1695 649 1754 super
668 1695 750 1737 otone
767 1677 880 1756 pondua
893 1684 979 1753 etque
989 1675 1302 1754 mmsorontleant

229 1768 281 1838 25,
292 1767 343 1843 29)
354 1813 362 1837 ‚
375 1772 409 1826 ut
420 1781 530 1842 nempe
540 1762 676 1844 pondera
688 1764 826 1841 publica,
837 1779 905 1840 quae
917 1770 949 1821 et
962 1762 1058 1839 cht'a
1068 1760 1302 1838 vocanturque

227 1855 358 1916 ministri
370 1855 447 1933 regii
461 1870 566 1913 eorum
582 1850 759 1912 rectitudini
772 1849 989 1928 invigilabant,
1003 1856 1100 1910 atoue
1113 1846 1300 1910 memmaead

228 1941 319 2003 hasce
332 1957 451 2001 normas
467 1940 613 2016 exigeret.

264 2033 375 2090 Exusto
389 2034 490 2089 autem
500 2027 555 2087 sub
569 2025 780 2103 Sedeciarege
796 2040 853 2104 per
864 2021 1026 2086 Chaldaeos
1042 2025 1165 2104 templo
1183 2022 1300 2084 hieroso

218 2116 393 2193 tymitano,
411 2113 459 2174 hae
478 2130 592 2174 normae
612 2113 784 2191 perierunt,
806 2118 896 2188 atque
909 2109 1010 2170 Judaei
1028 2110 1186 2192 deinceps
1196 2110 1298 2174 Persis,

227 2201 342 2261 Graecis
354 2208 385 2260 et
397 2199 541 2259 Romanis
552 2199 685 2268 subditi,
699 2197 807 2257 horum
815 2195 999 2277 populorum
1007 2197 1218 2276 ponderibus,
1229 2211 1299 2255 num

226 2288 284 2345 mis
297 2304 331 2345 ao
340 2286 489 2345 mensuris
502 2285 817 2360 assueverunt.Quare
828 2281 979 2364 pondera,
993 2285 1116 2365 nummi
1123 2302 1162 2346 ac
1170 2299 1299 2345 mensurat

226 2374 358 2452 ipsorum
377 2372 575 2430 Hebraeorum
588 2387 606 2429 a
620 2371 817 2447 ponderibus,
830 2371 960 2432 nummis
972 2388 1008 2432 ac
1022 2373 1182 2433 mensuris
1190 2373 1299 2432 aliorum

224 2457 421 2535 populorum,
437 2456 470 2515 in
486 2456 588 2516 Libris
603 2457 696 2516 sacris
714 2457 960 2530 occurrentibus,
978 2458 1079 2537 probe
1097 2456 1298 2538 distinguenda

224 2551 304 2604 sunt.

237 2623 240 2632 ’
261 2631 338 2693 Cum
350 2631 533 2710 interpretes
545 2628 705 2688 Librorum
714 2646 867 2691 sacrorum
878 2647 970 2692 voces
982 2630 1151 2694 hebraicas
1160 2638 1298 2711 etgratts

224 2718 392 2797 ponderum
419 2735 454 2777 ac
479 2733 690 2787 nummorum,
718 2717 750 2774 in
770 2718 925 2797 Scriptura
949 2733 1036 2777 sacra
1061 2717 1297 2781 occurrentium.

223 2821 304 2881 saepe
315 2803 505 2863 reddiderint
517 2818 572 2880 per
584 2801 706 2861 nomina
718 2802 887 2880 ponderum
905 2809 937 2862 et
951 2809 1150 2863 monetarum
1166 2805 1300 2864 Romano

223 2907 289 2947 rum
303 2905 338 2948 ac
351 2889 539 2955 Graecomm,
554 2904 621 2964 quae
635 2894 666 2946 et
677 2888 837 2964 posteriori
856 2904 921 2946 aevo
936 2886 1016 2966 apud
1029 2888 1186 2950 Hebraeos
1204 2889 1299 2949 mian

224 2981 323 3041 erant,
338 2980 459 3050 oportet
470 2989 532 3032 non
545 2972 731 3032 solummodo
751 2972 966 3043 Hebraeorum,
978 2971 1035 3033 sed
1054 2981 1085 3033 et
1104 2975 1298 3035 Romanorum

221 3065 311 3135 atque
335 3059 509 3117 Graecormn
533 3058 670 3138 pondera
689 3075 725 3119 ac
745 3065 881 3118 monetas
901 3058 1104 3137 dignoscere,
1122 3077 1223 3140 eaque
1243 3075 1299 3120 crm

221 3144 406 3223 ponderibus
417 3145 608 3220 monetisque
625 3151 795 3205 nostrarum
813 3145 974 3222 regionum
987 3155 1299 3223 compararentque

222 3230 355 3289 inLibris
365 3230 458 3289 sacris
470 3229 509 3289 de
521 3229 707 3309 ponderibus
724 3246 759 3290 ac
780 3230 909 3290 nummis
925 3239 1092 3292 occurrunt
1117 3233 1179 3294 rite
1197 3230 1297 3293 intelli

220 3323 340 3393 gantur.
351 3316 452 3391 Quare

249 3439 260 3457 ⁸
270 3438 407 3486 Ponderum
419 3451 446 3485 ac
460 3451 631 3486 mensurarum
643 3452 734 3487 norma
744 3439 884 3500 archetypo
894 3439 990 3500 pariter
1000 3440 1028 3489 in
1039 3444 1095 3503 Re)
1102 3443 1148 3504 pto
1155 3442 1296 3494 armatu

219 3521 284 3557 curm
295 3509 429 3557 commisse
439 3509 518 3566 erant,
525 3508 669 3566 utpondera
679 3509 812 3569 publicaue
821 3521 948 3558 memmae
958 3509 991 3558 ad
998 3510 1056 3559 illas
1067 3511 1296 3575 probarentfflem

222 3580 290 3627 tter.
303 3578 416 3625 stromat.
428 3578 472 3623 lib.
484 3577 508 3625 6.
520 3577 529 3637 )
541 3578 609 3624 idem
620 3578 685 3637 apud
701 3580 823 3627 Romanos
834 3578 971 3627 obtinebat.
983 3580 1096 3630 Fannius
1108 3586 1197 3649 poeta,
1203 3581 1297 3643 aanor

219 3659 325 3709 coaerus,
331 3648 362 3696 de
370 3647 492 3708 Amphora
502 3645 538 3694 ita
549 3647 672 3708 loquitur:

422 3751 514 3796 Anpbora
522 3751 541 3786 it
550 3751 617 3794 rubra,
626 3762 680 3798 qu·
689 3763 712 3787 uc
723 3752 791 3788 viciare
803 3753 878 3796 liceret.

420 3802 519 3839 &trevere
527 3801 581 3847 Jori,
590 3804 669 3851 Tarpeio
680 3807 699 3841 in
710 3813 782 3846 monte,
792 3804 881 3855 Quirites.

246 3889 341 3937 tionum
356 3888 491 3950 ponderum
503 3902 531 3937 ac
547 3901 717 3938 mensurarum
729 3891 804 3938 etiam
819 3889 955 3950 antiquitus
966 3901 981 3937 a
991 3889 1144 3943 Christianis
1159 3895 1184 3943 in
1195 3892 1295 3944 retiarii!

218 3961 365 4006 conservata
380 3957 495 4018 inerunt,
505 3958 534 4006 ut
550 3961 645 4008 constat
653 3972 686 4008 ex
695 3958 831 4007 iustiniani
844 3958 1106 4013 Autbentic.1toretta
1117 3966 1208 4018 tm·
1216 3959 1295 4024 imai

217 4025 363 4085 teremit,
374 4028 403 4075 ut
411 4030 515 4088 pondero
525 4031 667 4077 rimmo
677 4030 870 4078 inruerutirrr'mo
879 4025 980 4084 maeoti
989 4032 1294 4085 ceremonensem*

216 4096 306 4144 nour.
318 4096 385 4143 itanc
396 4097 476 4156 tegern
486 4096 673 4146 Valentinianus
683 4097 818 4156 imperator
826 4095 986 4146 instauravit.
