2708 4846
134 454 184 507 rto
539 448 583 497 nn
603 443 802 497 turnsnrm

171 543 203 607 2⁰
214 541 336 605 iudaeos
347 547 420 604 tunc
438 555 477 601 ex
492 539 667 619 captivitate
679 538 779 616 aliqua
795 534 923 598 reduces
939 534 1032 595 tuisse
1048 532 1088 611 (c.
1101 532 1134 605 t,
1144 532 1228 627 ii:

136 639 167 693 et
177 628 322 710 templum
333 626 632 706 hierosolymitanum
649 623 782 685 extitisse
796 621 837 699 (c.
849 622 879 691 lt,
893 620 923 691 2,
937 617 985 690 16,
999 618 1065 700 ”b

170 715 202 777 3⁰
221 713 370 777 Eliachim
394 729 541 775 summum
567 710 755 773 sacerdotem
779 716 844 771 tum
864 707 947 787 regis
974 705 1059 768 vices
1080 704 1228 785 obiriss

149 818 175 864 c.
188 799 250 871 as
271 817 279 859 ι
636 851 641 863 .

135 798 148 879 (
171 884 202 945 t⁰
214 800 336 945 Ju)daeos
347 889 415 964 post
423 882 584 945 liberatam
594 881 766 944 Bethuiiam
779 879 920 943 diuturna
937 893 1014 958 pace
1027 876 1131 941 truilos
1142 894 1228 954 aas,

148 987 175 1032 c.
189 968 236 1042 16,
249 968 307 1031 50.

135 971 148 1048 (
171 969 304 1119 Historiis
320 1060 420 1117 autem
433 1053 572 1135 prolana,
586 1069 670 1115 sacra
685 1054 797 1123 mixta,
807 1057 950 1123 testatur,
968 1049 1209 1129 Sennacheribo,

135 1143 325 1221 Assyriorum
339 1142 417 1220 regi,
436 1142 592 1220 ingentem
609 1138 728 1201 cladem
739 1138 771 1199 in
784 1136 890 1197 Judma
900 1153 1000 1217 passo,
1014 1143 1045 1196 et
1062 1152 1080 1197 a
1094 1136 1203 1204 duohm

136 1236 208 1289 natu
222 1226 384 1306 majoribus
404 1224 474 1287 liliis
490 1226 562 1301 dein
583 1225 699 1296 occiso,
717 1223 895 1285 successisse
908 1221 1140 1295 Assaradonem,
1151 1243 1198 1288 seu

135 1313 460 1377 Nabuchodonosorem
472 1314 526 1391 (lv
541 1315 617 1391 lieg.
640 1311 685 1382 19,
705 1311 764 1388 55),
781 1318 839 1371 etc.
858 1309 1029 1371 Assaradon
1046 1310 1191 1390 parricidas

135 1404 251 1472 iratres,
264 1401 297 1460 in
309 1400 484 1460 Armeniam
496 1399 637 1479 profugos
650 1400 811 1469 insecutus,
825 1398 1001 1458 Armeniam
1011 1394 1188 1477 primumsibi

135 1486 273 1565 subjecit.
290 1486 409 1546 Fortior
423 1493 512 1564 atque
529 1486 671 1548 audacior
687 1486 730 1545 ita
746 1485 855 1554 iactus,
873 1484 1033 1563 imperium
1049 1486 1187 1563 assyrio·

135 1575 332 1645 relevaturus,
341 1571 463 1651 ejusque
471 1570 545 1633 fines
555 1580 740 1642 extensurus,
749 1571 931 1650 Babylonios
939 1570 1080 1642 rebelles,
1091 1570 1185 1642 Medos,
1222 1570 1226 1583 '

135 1663 369 1740 Mesopotamos‚
382 1661 522 1721 Susianos
541 1667 572 1720 et
587 1660 736 1739 Elymaeos
753 1657 938 1738 subjugavit,
957 1675 1025 1718 cum
1045 1658 1186 1721 Bactrianis
1212 1710 1228 1751 Ι,

136 1753 235 1807 autem
249 1743 400 1807 difficilius
412 1745 526 1805 bellum
538 1748 641 1825 gessit.
655 1745 838 1815 Thartanes,
852 1744 916 1822 ejus
930 1743 1081 1816 bellidux,
1094 1744 1200 1805 Senna-⁴
1223 1740 1228 1779 1

105 1832 113 1844 ’
135 1832 254 1896 cheribi
265 1830 382 1892 cladem
392 1831 516 1904 ulturus,
524 1832 663 1893 Judaeam
673 1838 704 1892 et
715 1833 882 1911 AEgyptum
893 1831 1039 1901 vastavit,
1053 1837 1084 1892 et
1094 1830 1186 1893 uano

134 1937 189 1981 sen
200 1935 304 1998 regem
316 1917 402 1979 Judae
414 1918 601 1998 Babylonem
612 1919 737 1981 deduxit
750 1918 788 1996 (ll
801 1916 897 1979 Paral.
912 1916 959 1987 55,
973 1917 1032 1996 11).

171 2007 289 2064 interca
301 2002 395 2073 Phra,
412 2021 466 2064 rex
477 2002 880 2083 Medorum‚Dejocis,primi
891 2001 1001 2062 Mediae
1014 2002 1106 2081 rogis,
1118 2000 1184 2075 utu,

136 2090 270 2150 finitimis
291 2088 403 2149 Mediae
427 2090 593 2169 provinciis
605 2091 664 2151 sibi
681 2091 852 2159 submissis,
869 2089 951 2150 vires
966 2105 1035 2151 suas
1049 2090 1185 2153 restium

134 2177 237 2256 coepit.
253 2174 423 2237 Herodotus
438 2184 591 2254 nuncupat
602 2176 681 2236 Phra
698 2175 865 2236 Phraorten
883 2192 939 2236 seu
953 2172 1184 2254 Phraancnpol

134 2262 214 2323 Phra
222 2277 346 2340 magnus
355 2268 451 2323 sonat.
461 2261 540 2321 Phra
547 2271 612 2322 crat
622 2281 732 2324 nomen
750 2265 904 2343 proprium
923 2263 1005 2342 regis
1018 2270 1050 2323 et
1064 2264 1185 2327 &msto

133 2349 221 2408 Artes
235 2345 352 2424 persice
368 2363 505 2422 macrum
522 2345 681 2424 significat.
701 2350 760 2408 lste
780 2348 859 2409 Phra
881 2349 913 2410 in
929 2348 1008 2409 libro
1028 2348 1132 2409 tuditi
1144 2348 1186 2409 hu

133 2431 251 2510 phaxad
267 2438 475 2510 nuncupatur:
493 2433 617 2493 Hebraei
630 2432 711 2493 Pbro
720 2434 954 2511 pronuntiabant
965 2433 1071 2513 Arpha
1074 2454 1087 2506 ,·
1098 2444 1186 2496 nomon

134 2515 206 2577 Xorl
216 2513 365 2595 significat
380 2514 551 2589 clementem,
565 2524 597 2578 et
609 2517 659 2578 isti
670 2519 738 2597 regi
757 2518 932 2580 attributum
943 2519 1009 2589 luit,
1024 2536 1061 2579 eo
1080 2516 1152 2598 quoti
1162 2531 1187 2579 so

135 2618 208 2681 erga
218 2601 341 2663 Judaaos
354 2600 537 2664 clementem
552 2602 704 2676 exhihuit,
723 2604 913 2666 remittendo
932 2604 1016 2675 illos,
1027 2605 1189 2681 quosiuoo·

134 2688 250 2768 cupatis
268 2688 433 2767 provinciis
451 2688 623 2770 deportatos
638 2691 807 2761 invenerat,
824 2691 857 2751 in
869 2709 953 2753 suam
965 2692 1104 2771 patriam,
1114 2704 1189 2754 norot

133 2773 236 2836 hostes
248 2773 445 2846 Assaradoni,
459 2793 513 2836 seu
524 2776 828 2847 Nabuchodonosori,
840 2779 881 2838 ita
894 2780 1086 2841 excitaturus.
1096 2777 1189 2841 Dehot

100 2898 104 2911 ·
133 2860 236 2921 reditu
249 2859 423 2919 ludaeorum
435 2878 453 2921 e
465 2862 639 2940 captivitate
653 2862 769 2924 Achior
782 2864 820 2940 (c.
834 2863 865 2941 5)
876 2863 961 2942 loqui
973 2872 1122 2927 censetur.

171 2944 338 3006 Assaradon
351 2962 406 3006 seu
416 2946 694 3009 Nabuchodonosor
705 2947 837 3008 Mediam
849 2949 909 3009 sibi
922 2949 1022 3011 denuo
1034 2951 1191 3012 subacturus

134 3031 213 3093 Phra
225 3049 279 3093 seu
290 3031 453 3112 Arphaxad
465 3033 587 3096 adortus
600 3042 660 3107 est,
675 3052 804 3113 eumque
819 3035 924 3114 praelio
935 3036 1026 3108 vicit,
1036 3044 1069 3099 et
1080 3035 1191 3105 occidit,

134 3135 169 3179 ac
177 3117 428 3179 Mediamitcrum
435 3119 495 3180 sibi
503 3120 643 3199 subjecit.
650 3122 757 3183 Altero
766 3137 838 3181 vero
849 3138 926 3181 anno
934 3120 1193 3184 Holoiernemcuu

134 3206 251 3284 ingenti
271 3207 405 3268 exercitu
426 3206 526 3280 misit,
549 3208 587 3268 ad
606 3209 722 3270 vicinos
740 3208 866 3287 populos
886 3207 1106 3290 subjugandos,
1127 3204 1194 3291 quot

135 3290 172 3367 (c.
186 3291 200 3350 1
216 3297 246 3351 et
258 3289 287 3366 h)
298 3298 445 3351 narratur.

169 3375 312 3436 Nonnulli
327 3393 395 3436 cum
409 3377 449 3437 cl.
462 3376 579 3438 Calmet
597 3395 651 3454 per
663 3376 991 3439 Nabuchodonosorem
1007 3379 1083 3441 libri
1101 3378 1195 3443 Judith

133 3478 194 3522 non
217 3460 455 3531 Assaradonern,
474 3461 528 3522 sed
546 3462 748 3534 Saoscluchin,
769 3463 966 3524 Assaradonis
987 3482 1195 3536 successorem,

134 3546 316 3624 intelligunt.
333 3548 449 3607 Auctor
464 3546 538 3607 libri
555 3546 662 3607 Judith
682 3547 917 3619 Assaradonem,
935 3549 986 3610 vel
1005 3550 1196 3622 Saosduchin,

134 3633 459 3695 Nabuchodonosorem
472 3633 617 3713 adpellat,
630 3637 753 3697 nominc
765 3637 888 3717 regibus
901 3639 1033 3716 Assyriae
1045 3639 1196 3702 communi.

169 3720 316 3781 Diuturna
339 3737 412 3800 pax,
433 3738 492 3800 qua
513 3721 637 3782 Hebraei
662 3732 728 3801 post
753 3725 884 3785 occisum
908 3725 1123 3801 Holoferncm,
1143 3734 1197 3789 tom

135 3805 259 3867 Juditha
273 3808 449 3888 superstite,
463 3815 526 3868 tum
539 3809 591 3870 illa
603 3808 752 3882 defuncta,
763 3811 847 3872 fruiti
861 3829 926 3873 esse
938 3812 1083 3892 legtmtur
1101 3815 1142 3894 (c.
1154 3812 1197 3887 tt,

67 3933 71 3940 .
136 3878 194 3965 w),
209 3899 240 3952 et
251 3893 589 3972 obquampotissimum
600 3896 738 3957 nonnulli
748 3896 881 3959 ludithae
891 3898 1048 3960 historiam
1060 3909 1198 3981 posterp·

137 3972 284 4037 tivitatem
294 3978 504 4057 babylonicam
515 3980 681 4052 collocant,
694 3981 753 4042 hoc
764 3983 854 4043 modo
869 3985 1053 4063 explicatur:
1068 3986 1198 4049 Bethulit

137 4057 257 4125 obsessa
268 4070 299 4125 et
310 4063 436 4128 liberata
448 4065 570 4148 ponitur
583 4084 661 4133 auno
672 4066 746 4133 stoa
756 4069 794 4131 ab
809 4071 883 4139 orbe
896 4070 1036 4149 condito,
1052 4072 1088 4139 tt
1102 4072 1196 4146 enuit·
