2716 4838
402 449 588 501 btuuottutt
606 447 812 501 saeuorum
1094 450 1142 503 ffl

57 548 199 617 ment,
211 543 265 606 vel
274 543 419 604 vaticinia
429 544 519 622 (coni.
532 546 579 605 Ps.
594 545 658 614 les,
669 544 687 603 8
698 563 767 606 eum
779 546 850 604 Act.
864 543 893 614 l,
904 536 957 614 90}
973 549 1004 604 et
1013 544 1060 605 Ps.
1073 543 1138 616 tte,

57 628 157 691 scum
165 629 307 701 lsaiaett,
319 628 377 706 le).
386 630 510 690 Hebraei
520 630 702 708 quandoque
712 631 860 691 adhibent
870 630 1081 710 imperativum
1089 631 1140 691 vel

60 718 228 797 optatirmn
237 735 292 798 pro
307 717 424 787 futtuo,
438 724 472 777 ut
481 718 573 779 lsaias
590 717 638 789 lb,
651 717 686 777 lb
701 726 731 777 et
740 718 820 779 Osee
836 717 887 787 ll,
902 718 934 787 l,
950 718 1001 778 vel
1018 716 1141 778 tandem

60 812 209 867 mirata
230 812 264 865 ut
283 805 315 863 in
334 803 436 883 impiis
455 805 513 864 Dei
525 804 643 881 justitia
656 804 884 864 manifestetur:
904 811 1041 865 auctores
1051 805 1141 881 {Psal-

63 890 1141 972 morumpunitionemetmortemimpiorumminimcdesiderantspiritu

64 978 219 1050 vindicte,
233 984 267 1039 ut
277 978 337 1039 sibi
348 976 488 1048 satisfiat,
502 995 561 1038 nee
570 978 622 1038 illa
635 986 742 1057 petunt
752 986 786 1038 ut
798 979 877 1038 mala
891 979 1009 1058 impiis,
1024 996 1083 1040 nec
1100 979 1139 1041 iis

64 1060 265 1134 delectantur,
278 1063 359 1141 quotl
373 1064 488 1124 evincit
502 1063 640 1141 prietates
652 1064 777 1143 phrases
788 1064 1005 1142 imprecationes
1019 1066 1140 1143 proprie

67 1146 154 1210 dietas
165 1166 228 1209 non
240 1165 320 1218 esse,
332 1149 387 1210 sed
399 1155 543 1227 exoptant
557 1155 592 1209 ut
605 1152 686 1216 Deus
701 1149 785 1209 hisce
797 1148 954 1226 flagitiosis
967 1150 1140 1212 hominibus

68 1236 190 1297 noeenut
196 1235 259 1296 iim
266 1236 390 1306 auferat,
404 1252 444 1295 ne
453 1235 564 1313 probos
574 1236 729 1314 exagitent
740 1243 770 1295 et
780 1236 962 1314 opprimant,
974 1237 1137 1316 postulant,

69 1326 170 1399 olquae
179 1323 261 1383 Deus
270 1321 303 1380 in
317 1337 371 1382 sua
384 1321 455 1400 lege
469 1322 570 1400 impiis
581 1322 722 1392 minatus,
735 1321 898 1401 probisque
908 1322 1060 1401 pollicitus
1070 1323 1138 1394 luit,

72 1404 319 1476 Moxocmioni,
331 1423 372 1466 ne
390 1413 423 1465 ut
435 1406 561 1485 injustus
577 1413 628 1466 aut
637 1407 788 1486 impotens
803 1405 1039 1484 blasphemetur.
1055 1408 1139 1469 Dirae

73 1486 245 1552 lulmorum
255 1491 436 1569 mundoque
448 1499 518 1552 sunt
534 1492 751 1564 vehementes,
766 1498 797 1552 at
813 1492 934 1571 poetice
944 1493 983 1554 ab
996 1493 1139 1555 Orienta-

74 1572 285 1637 bbmcarmine
305 1593 454 1656 expressae
472 1583 553 1648 sunt,
571 1595 629 1638 nec
644 1576 902 1646 obliviscendum,
922 1578 990 1639 illas
1006 1578 1138 1657 prolatas

76 1662 281 1725 enimversus
293 1662 433 1724 homines
444 1664 710 1735 sceleratissimos,
729 1663 814 1742 pacis
833 1664 965 1741 publicae
981 1666 1137 1743 perturba-

76 1750 162 1819 tum,
173 1748 397 1827 proborumque
408 1766 617 1828 oppressores,
637 1749 689 1825 qui
709 1748 808 1826 poenis
825 1748 1024 1811 severissimis
1041 1749 1135 1825 allici,

76 1838 214 1912 utteque
226 1832 323 1915 plecti
334 1841 508 1894 meruerant
520 1834 611 1906 (conl.
621 1852 652 1893 n.
666 1831 753 1892 ilbi
767 1838 799 1892 et
812 1833 960 1909 titum).

385 1976 492 2045 Sillim.
501 2002 531 2013 -
540 1978 691 2027 Psalmorum
701 1977 804 2027 utilitas.

107 2094 168 2155 tos
180 2120 197 2155 ι
208 2097 497 2169 Psalmorumliber,
512 2098 554 2159 ait
565 2099 596 2159 S.
613 2097 801 2176 Augustinus
813 2096 834 2168 ¹,
846 2114 1040 2178 qsmcumque
1050 2100 1136 2164 utilia
1219 2106 1223 2115 '

83 2189 158 2246 ttmt
167 2202 206 2247 ex
217 2185 357 2247 omnibus
367 2185 513 2245 eontinet.
527 2186 638 2244 Futura
648 2183 804 2263 praedicit,
815 2193 953 2247 veterum
962 2194 1047 2266 gesta
1056 2205 1136 2249 com-

84 2278 234 2333 memorat
237 2269 354 2350 legem
364 2270 538 2331 viventibus
548 2270 665 2341 tribuit
677 2270 879 2349 gerendorum
889 2272 993 2333 statuit
1001 2271 1133 2349 modum,

84 2355 308 2419 aeuboeviter
319 2355 430 2427 dicam,
441 2357 607 2417 eommunis
619 2357 743 2435 quidam
754 2357 844 2419 bouae
854 2357 1000 2421 omuino
1013 2359 1135 2424 thesau-

83 2453 167 2505 παι
166 2440 543 2525 ptesingulisneeessaria
556 2442 798 2506 subministrans.
811 2464 828 2501 o

107 2450 219 2589 llerrropte
201 2527 348 2588 felicitate
362 2533 393 2587 et
404 2545 480 2607 pace
489 2528 582 2587 animi
573 2527 745 2627 ''gaudens
736 2546 769 2588 m
781 2528 928 2590 Psalterio
936 2532 1053 2610 reperit
1062 2550 1134 2595 ean·

81 2606 1030 2709 iunctaquibuslleobonorumomniumauetorigratiasagat.
1041 2621 1135 2681 Miser

81 2694 250 2759 uomicam·
239 2711 274 2754 ιιι
288 2714 324 2756 eo
336 2696 455 2755 invenit
465 2715 532 2772 quae
548 2697 646 2794 ipsum
661 2696 870 2765 consolentur,
888 2696 1029 2774 illiusque
1048 2701 1135 2761 dolo·

77 2782 259 2845 mimium
276 2782 469 2843 Remorsibus
479 2780 674 2842 conscientiae
688 2779 854 2858 exagitatus
868 2782 985 2859 reperit
1001 2784 1134 2847 Psalmos

75 2869 294 2943 Mmtiales,
308 2869 358 2945 qui
369 2885 475 2947 pacem
492 2868 601 2928 animae
620 2865 763 2927 reddunt.
783 2864 950 2928 Calumniis
965 2869 1132 2947 impetitus,

73 2954 145 3017 tub
160 2954 267 3055 inpiis
286 2972 444 3032 oppressus
456 2953 494 3014 ad
512 2970 634 3013 manum
649 2951 743 3011 babet
759 2951 906 3023 Psalmos‚
924 2954 977 3030 qui
995 2954 1083 3015 illum
1095 2959 1134 3020 ad

70 3032 225 3103 mun
215 3059 250 3101 ιιι
276 3041 373 3099 Deum
394 3039 545 3110 excitant,
576 3038 666 3115 eique
692 3037 824 3097 animum
847 3036 972 3099 addunt.
993 3042 1133 3105 Personae

33 3124 339 3205 enumeraremus,
356 3142 445 3186 sexus
455 3131 486 3184 et
497 3123 681 3185 conditionis
695 3121 829 3183 medelas
839 3123 998 3184 uulnerum
1014 3127 1132 3200 animae,

63 3210 165 3275 tolah'n
179 3211 388 3283 afflictionum,
407 3210 607 3271 excitamenta
625 3211 779 3279 sirmium,
801 3209 985 3271 nutrimenta
996 3210 1135 3273 devotio-

61 3296 199 3373 mie..
212 3299 246 3357 in
256 3297 383 3358 Psalmis
395 3297 562 3377 reperiunt.
575 3295 764 3373 Quicumque
779 3295 844 3356 haec
858 3312 941 3357 seem
958 3297 1075 3358 cantica
1083 3316 1134 3376 pre

50 3376 862 3465 Uopimmeorumsacrorumauetorumimbuitur,
877 3381 1051 3483 adglorians
1062 3384 1132 3456 Dei,
1237 3458 1240 3463 Ι

51 3464 353 3547 Μωῑίιιιιοῇιιι
365 3466 478 3528 drvmae
487 3468 575 3546 legis
587 3475 619 3527 et
629 3467 803 3528 adsalutem
812 3485 858 3529 sur
868 3474 899 3528 et
909 3486 1039 3546 proximi
1049 3486 1134 3531 exer

40 3550 240 3635 fillium
259 3553 371 3615 Psalmi
383 3569 401 3614 a
412 3554 599 3634 temporibus
609 3552 758 3615 Davidis
749 3572 783 3614 m
798 3555 961 3633 synagogis
982 3572 1000 3616 a
1018 3555 1133 3617 iudaeis

31 3630 170 3721 fffl
180 3640 313 3711 inerunt,
322 3639 431 3701 etdein
441 3640 520 3718 apud
533 3639 736 3704 Christianos
725 3641 826 3720 Jamin
834 3641 990 3720 primativa
997 3641 1132 3705 Ecclesia

39 3732 195 3811 mm
205 3735 324 3808 partem
334 3745 412 3790 sacri
403 3728 521 3788 cultus
529 3727 647 3807 publici
658 3728 888 3791 constituerunt.

10 3860 21 3931 [3
61 3845 167 3971 'gu
174 3854 270 3920 Prolep.
281 3853 544 3906 lubib.Psolmorum.

10 4078 21 4095 ι
59 4020 114 4055 ψ’

59 4098 114 4149 ιι..
