2708 4846
139 482 170 535 rt
587 466 779 532 orclnone

140 565 361 638 contenderunt
368 569 1130 652 librosdeuterocanonicosinseparatumCanonem
1138 560 1214 631 reie-

140 661 251 723 rendos
261 661 399 734 esse5sed
408 662 531 722 tandem
541 678 647 722 omnes
657 661 785 723 sessioni
794 666 968 739 praesentes,
979 656 1174 736 quadraginta
1183 657 1214 718 cl

141 745 1215 826 octoscilicetepiscopi,acquinquenardinalesconsensenmtutomues

140 833 213 892 libri
233 850 293 893 uno
307 832 416 894 ordine
430 840 676 904 recenserentur,
696 838 787 911 prout
804 831 938 893 sessione
956 829 1063 908 quarta
1074 829 1215 908 legrmtm·

140 920 268 996 (viden.
280 921 324 996 b').
336 919 382 980 Cl.
398 921 493 996 Lamy
508 927 539 979 et
548 920 628 980 Jahn
638 919 866 980 distinctionem
878 918 960 978 inter
973 916 1067 977 libros
1080 924 1167 996 proto
1179 933 1214 979 ao

142 1004 428 1066 dcuterocanouicos
439 1004 537 1065 adhuc
546 1005 710 1066 subsistere
720 1004 902 1075 existimant,
921 1003 975 1064 sed
988 1002 1211 1081 idaliinegant.

140 1089 188 1153 Cl.
208 1091 288 1152 Jahn
314 1091 411 1152 libros
434 1091 723 1152 dcuterocanouicos
739 1092 853 1151 veteris
873 1089 1010 1151 Foederis
1026 1088 1060 1148 in
1082 1089 1213 1151 secundo

140 1168 265 1261 Canone
275 1176 418 1239 collocat'
428 1222 436 1248 ‚
447 1183 512 1236 tum
521 1176 601 1254 quod
611 1175 689 1255 apud
699 1175 822 1236 ludaeos
832 1183 915 1236 entra
927 1190 1075 1236 canonem
1083 1173 1212 1243 fuerunt,

140 1279 177 1323 ac
191 1262 372 1323 anonnullis
389 1262 524 1338 antiquis
535 1262 674 1324 Patribus
684 1268 719 1321 ut
732 1261 833 1321 dubiae
845 1259 918 1321 fidei
929 1260 1042 1333 habiti,
1053 1269 1105 1321 aut
1122 1261 1212 1322 etiam

138 1347 248 1427 rejecti
263 1347 396 1419 luenrnt,
412 1354 477 1406 tum
486 1347 526 1406 ob
537 1347 703 1425 aliquorum
713 1345 903 1407 difficultates
913 1344 1102 1407 intrinsecas.

176 1455 194 1492 o
205 1434 341 1496 Diversis
350 1426 525 1495 Canonibus
534 1433 720 1496 diversannn
729 1433 931 1494 Ecclesiannu
945 1433 1132 1510 autiquannu
1140 1433 1213 1495 niti·

136 1537 153 1575 r>
167 1528 229 1593 tur,
241 1520 340 1583 aitCl.
350 1521 457 1598 Lamy,
469 1519 624 1581 distinctio
636 1538 695 1598 qua
714 1521 813 1581 sixtus
823 1519 957 1580 sinensis
973 1527 1004 1579 et
1015 1520 1212 1584 Bellarminus

138 1627 155 1665 a
167 1623 236 1667 cum
248 1606 387 1667 omnibus
400 1604 527 1666 eruditis
537 1605 687 1666 collocant
696 1606 792 1666 libros
801 1605 964 1684 scripturae
972 1622 1065 1667 sacrae
1074 1607 1108 1666 in
1116 1607 1212 1669 tribus

142 1711 158 1752 s
175 1693 329 1755 classibus.
341 1694 376 1752 ln
384 1692 481 1769 prima
491 1698 607 1771 ponunt
616 1692 654 1751 ab
661 1691 741 1752 omni
751 1699 888 1771 tempore
897 1697 931 1751 ut
939 1691 1100 1753 canonicos
1109 1707 1212 1773 recep-

65 1782 75 1861 J
140 1787 228 1858 »tos3
240 1779 273 1838 in
290 1777 426 1839 secunda
435 1785 588 1855 reponunt
604 1777 688 1848 illos,
701 1777 753 1855 qui
771 1776 893 1838 nonnisi
911 1794 1049 1839 successu
1068 1780 1211 1856 temporie

140 1885 157 1924 s
170 1865 287 1945 recepti
296 1864 432 1935 fuerrmt,
443 1864 499 1926 sed
508 1865 560 1942 qui
570 1881 690 1944 semper
699 1864 731 1924 in
740 1863 884 1924 Ecclesiis
892 1863 965 1924 lecti
974 1863 1107 1936 lucnmt,
1119 1873 1152 1925 et
1160 1866 1212 1944 qui

141 1952 239 2012 rideo
250 1950 438 2011 ecclesiastici
454 1951 618 2030 nuncupati
628 1950 759 2022 luermrt,
777 1957 812 2009 ut
832 1948 1213 2027 distinguerenturacuno-

141 2037 303 2096 »nielsio
319 2036 409 2095 tertia
424 2035 519 2095 classe
534 2042 604 2095 sunt
615 2036 680 2105 illi,
698 2035 750 2111 qui
765 2051 926 2114 numquam
941 2034 974 2094 in
988 2034 1125 2097 Ecclesia
1139 2035 1212 2101 lecti

141 2143 157 2180 n
169 2120 299 2191 luerunt,
311 2127 342 2179 et
351 2119 516 2198 apocryphi
529 2127 708 2180 vocantur...

176 2227 194 2263 a
205 2207 323 2283 Magnae
335 2203 412 2263 fiunt
420 2204 610 2281 objectiones
620 2205 762 2265 adversus
777 2205 917 2266 historias
927 2205 1047 2276 Tobiae,
1058 2205 1165 2267 Juditb
1181 2216 1212 2271 et

140 2312 158 2350 r
172 2292 324 2361 susannae,
335 2289 489 2365 dequibus
497 2306 538 2350 ne
547 2291 674 2351 verbum
682 2291 805 2368 quidem
817 2292 947 2352 occurrit
956 2292 1084 2354 inlibris
1095 2296 1212 2374 Regum

141 2373 1213 2460 netinFl.Josepbo.(laeteromquocumquetemporecontigisscponans

142 2484 158 2522 a
172 2471 234 2534 tur,
246 2459 423 2521 difficillime
436 2460 635 2521 conciliantur
647 2480 717 2523 cum
730 2463 789 2535 eis,
803 2481 870 2541 quae
881 2464 1074 2543 reperiuntur
1082 2467 1114 2526 in
1124 2467 1214 2537 libris

141 2545 431 2616 »Protooanonicis
459 2545 655 2609 inveniuntur
664 2555 780 2608 nutem
803 2565 907 2612 omues
938 2549 1005 2610 istae
1022 2547 1213 2619 dillieulmes

142 2655 158 2693 n
174 2632 330 2712 explicata
339 2631 372 2690 in
382 2630 480 2691 doctis
488 2635 723 2696 commentariis.
736 2637 790 2697 SS.
800 2638 903 2699 Patres
913 2635 1060 2715 cogitasse
1069 2637 1213 2707 videntur

142 2721 226 2780 rhos
238 2718 333 2779 libros
347 2717 516 2778 esseutilcs
529 2726 562 2778 et
576 2719 614 2780 ad
633 2719 844 2782 aedilicaudum
863 2730 961 2801 aptos,
984 2723 1057 2801 quin
1075 2723 1212 2792 historin

141 2829 159 2866 n
173 2807 332 2890 veritatem
342 2803 548 2876 attenderent,
569 2807 818 2883 quemadmodmn
830 2809 911 2869 liber
928 2809 1001 2870 Jobi
1018 2809 1096 2871 foret
1107 2813 1145 2873 ad
1162 2815 1211 2875 in·

141 2892 366 2953 »structionem
378 2885 560 2968 aptissimus,
575 2891 648 2952 licet
662 2893 723 2952 Job
738 2910 900 2971 numquam
916 2896 1072 2957 extitisset.
1084 2898 1127 2957 Ex
1144 2902 1213 2980 cpi-

140 3002 159 3040 n
171 2979 246 3040 stola
260 2975 395 3036 Africani
408 2974 447 3034 ad
460 2976 640 3054 origenem,
655 2984 686 3037 et
705 2995 744 3038 ex
752 2978 840 3058 hujus
850 2980 1046 3059 responsione
1056 2981 1094 3043 ad
1108 2983 1211 3060 illum,

141 3063 354 3128 »concludere
371 3078 526 3142 possamus
543 3079 562 3124 a
581 3065 687 3143 primis
707 3066 852 3128 Ecclesiae
876 3067 993 3128 saeculis
1017 3067 1092 3129 alios
1114 3069 1211 3133 histo

142 3154 247 3213 oriam
269 3152 412 3212 Susannae
432 3165 552 3223 veram,
572 3151 647 3212 ulios
668 3159 767 3213 autem
786 3153 951 3215 credidisse
972 3154 1085 3219 falsam.
1104 3157 1211 3236 Aliqui

140 3259 158 3298 s
171 3238 267 3298 libros
274 3234 396 3307 Tobiae,
408 3235 480 3297 Jobi
490 3242 522 3297 et
539 3236 647 3297 Judith
655 3255 710 3315 pro
722 3239 873 3316 parabolis
886 3246 919 3300 et
931 3239 1084 3318 allegoriis
1091 3240 1212 3307 habue-

139 3315 291 3377 ›arunt¹.or

175 3409 317 3468 Fatemur
330 3410 425 3465 etnos
442 3405 475 3464 iu
492 3403 644 3464 nonnullis
657 3404 744 3467 libris
753 3406 1033 3472 dcuterocanouicis
1048 3428 1210 3477 occurrere

141 3493 346 3563 difficultates,
361 3509 428 3567 quae
439 3509 501 3551 non
521 3492 596 3551 adeo
614 3494 773 3556 commode
784 3497 953 3570 solvuntur,
967 3514 1002 3559 ac
1019 3497 1211 3565 difficultates

140 3579 286 3641 librorum
297 3576 612 3657 protocauonicorum,
626 3578 753 3657 illasque
763 3583 926 3661 antiquitus
937 3584 1096 3646 nonnullos
1107 3587 1211 3648 catho-

101 3726 109 3741 Ι
141 3664 216 3728 licos
234 3667 403 3736 induxisse,
422 3664 461 3724 ad
473 3664 541 3725 illos
560 3666 778 3737 librosdubiae'
786 3668 859 3732 fidei
870 3660 1041 3745 habendos,
1054 3674 1105 3735 vel
1118 3675 1211 3737 etiam

141 3751 334 3829 rejiciendos.
346 3753 461 3812 Verum
480 3751 581 3812 multae
600 3751 807 3828 dilli'ctdtates,
827 3774 895 3835 quae
906 3757 979 3817 olim
996 3775 1015 3818 a
1030 3758 1211 3836 quibusdam

138 3834 341 3914 iactabantur,
359 3835 450 3897 nimis
467 3851 484 3896 a
504 3836 594 3916 longe
611 3839 715 3917 petitae
737 3858 772 3902 ac
790 3842 916 3903 detortae
933 3850 1028 3903 erant.
1044 3843 1211 3923 Maioribus

142 3917 249 4006 borum
266 3921 413 3985 librormn
426 3919 651 3989 difficultatibus
670 3926 843 3988 satisfacere
855 3928 1041 4001 conabimur,
1054 3946 1211 4009 penesque

171 4028 184 4069 ⁴
196 4032 371 4095 tahu‚1ntrod.
382 4035 409 4084 ln
419 4036 464 4085 lib.
475 4035 500 4086 S.
511 4036 541 4085 V.
554 4035 580 4084 Ρ.
591 4035 656 4086 Seot.
666 4037 691 4087 ἃ.
702 4034 718 4102 S
729 4039 783 4089 ele.
795 4041 858 4092 Edit.
870 4041 970 4096 Viennae
980 4041 1048 4095 lect.
1058 4067 1088 4082 ·-
1096 4039 1112 4083 θ
1120 4043 1211 4111 huy,

142 4100 646 4171 appuatdancnra,1.2‚cl.2bdtt
657 4108 843 4165 derarbtcat.
1165 4114 1167 4118 ’
