2708 4846
87 606 497 727 PRAEFATIO
532 608 631 726 ΕΤ
667 597 1165 725 PROSPEGTUS
1331 681 1336 690 -

326 840 931 929 nnnununurronsncnn.

527 1082 721 1119 ιιι-*ι*

134 1238 253 1331 Qnon
265 1234 628 1335 opus,originetenus
640 1245 681 1309 in
693 1256 802 1308 usum
814 1255 940 1308 meum
948 1231 1167 1329 incoeptum,

88 1345 221 1422 abhinc
239 1371 304 1422 sex
323 1345 430 1421 annis
447 1348 489 1421 in
511 1372 622 1423 usum
641 1343 921 1421 &nannum
939 1342 1170 1444 publicarum

90 1455 236 1557 collegii
257 1454 516 1555 Friburgensis
543 1455 584 1530 in
611 1453 781 1529 Helvetia
803 1453 1037 1541 concinnavi,
1066 1468 1171 1548 atque

88 1568 274 1661 aliquoties
289 1580 370 1643 tum
381 1564 555 1667 Friburgi
568 1579 651 1640 tum
665 1565 726 1639 hic
742 1565 868 1639 Leodii
880 1565 1065 1663 discipulis
1081 1567 1172 1640 meis

89 1677 225 1773 scripto
240 1675 391 1763 tradidi,
408 1677 521 1750 modo
536 1676 578 1749 in
593 1699 704 1749 usum
718 1672 999 1749 Proelcclronum
1007 1674 1173 1772 publica-

92 1812 175 1863 rum
192 1783 391 1861 seminarii
404 1783 614 1885 episcopalis
627 1776 838 1859 Leodi'ensis
856 1784 950 1881 typis
968 1785 1170 1859 committo.

79 1965 83 1973 .
136 1898 244 1972 Hanc
260 1896 569 1971 introductionem
591 1895 633 1967 in
654 1914 784 1967 omnes
803 1905 840 1966 et
862 1894 1024 1990 singulos
1045 1892 1175 1968 Libros

91 2031 214 2082 sacros
225 2005 354 2082 veteris
369 2028 413 2080 ac
423 2005 511 2079 novi
521 2003 706 2092 Foederis,
724 2025 836 2097 quam
847 2001 1177 2079 Hermeneuticam

89 2140 244 2193 sacram
262 2114 451 2212 inscripsi,
472 2112 668 2213 Theologis
687 2112 824 2209 aliquot
845 2111 983 2187 vicibus
1005 2114 1176 2190 dictando

92 2251 135 2301 ac
146 2226 386 2352 explananelo,
401 2223 571 2321 equidem
586 2225 816 2299 occasionem
829 2236 957 2299 nactus
975 2249 1059 2298 sum
1072 2226 1176 2299 codi-

92 2359 153 2410 ces
168 2332 435 2431 manuscriptos
454 2334 652 2434 castigandi
669 2349 704 2410 et
723 2334 933 2433 praesertim
948 2336 1172 2433 complendi,
1177 2343 1182 2366 ‘

93 2446 368 2541 astillamepus
380 2441 724 2518 numerisomnibus
737 2444 1042 2531 absolutumesse,
1054 2447 1178 2519 nullis

94 2579 166 2646 que
194 2553 391 2629 defectibus
416 2552 603 2643 laborare,
629 2553 870 2651 superbientis
895 2578 938 2627 ac
966 2549 1181 2629 insanientis

94 2665 388 2739 foretadserere·
496 2720 500 2728 .

216 2820 879 2887 antummunoetmstmorzopumufflost,

216 2890 502 2956 Quntnuuurgetur.

95 3018 215 3095 Biblia
233 3040 337 3095 sacra
358 3017 432 3111 iam
453 3019 584 3117 primis
603 3020 778 3097 Ecclesiae
799 3020 1012 3099 christianae
1032 3024 1180 3100 saeculis

35 3189 42 3200 .
96 3131 311 3228 impugnata
326 3128 473 3202 fuerunt
488 3153 510 3202 a
523 3129 628 3203 Celso
636 3129 885 3227 ,Porphyrio,
905 3132 1089 3221 Hierocle,
1109 3136 1181 3207 Ju-

96 3237 223 3314 liano
211 3262 322 3336 unp„
336 3226 484 3334 aliisque
501 3238 726 3338 philosophis
742 3238 953 3339 gentilibus3
973 3255 1012 3313 at
1025 3241 1181 3316 invales-

98 3361 202 3435 cente
227 3371 271 3425 ac
293 3338 502 3425 florescente
526 3363 756 3425 sacrosancta
782 3349 918 3426 Christi
941 3350 1113 3451 religione
1141 3352 1182 3427 hi

97 3459 255 3533 assultus
269 3457 344 3535 sere
356 3472 557 3550 cessarant,
575 3473 611 3536 et
626 3461 775 3535 nonnisi
763 3461 993 3539 Acatholici
1004 3463 1189 3567 quosdam

99 3566 231 3643 Libros
248 3592 372 3647 sacros
389 3585 431 3645 ut
450 3594 528 3645 non
547 3573 742 3649 canonicos
760 3570 996 3672 spernebant,
1015 3585 1051 3647 et
1067 3550 1217 3650 textus*

99 3678 240 3773 aliquos
255 3702 322 3754 suo
335 3682 447 3757 modo
460 3680 697 3780 exponebant.

96 3848 99 3853 .
149 3790 333 3867 Luctuoso
361 3805 482 3868 autem
508 3806 635 3869 nostro
658 3817 739 3871 aevo
766 3818 809 3871 ex
836 3795 917 3893 ipso
942 3794 1025 3868 sinu
1047 3796 1182 3871 Christi

103 3898 279 3979 Ecclesiae
296 3906 481 3978 surrexere
497 3902 618 3979 hostes
639 3906 936 4002 quamplurimi,
960 3906 1023 4001 qui
1045 3907 1183 4007 glorio-

92 4032 186 4091 sum
199 4012 505 4111 philosophorum
522 4038 656 4092 nomen
672 4028 901 4115 usurpantes,
921 4032 1082 4097 veterum
1104 4015 1182 4114 phi·

1028 4125 1050 4162 Ι.
