2708 4846
63 494 72 515 ,
163 450 210 500 ato
575 454 620 502 nrt
637 450 832 517 aurunnrrn

164 544 291 605 cibusac
300 550 397 625 potus,
408 536 579 625 gaudiaque
588 549 706 627 tugacia
716 549 834 611 cacteris
842 550 1208 632 omnibuspraelerririden

163 638 224 699 tur,
240 647 292 692 eos
303 638 404 691 autem
415 633 474 692 boc
487 633 648 693 consilium
662 634 845 705 deseruisse,
858 634 1033 714 librumque
1047 639 1113 700 albo
1126 640 1207 703 Libro·

161 718 563 791 rumsaeroruminseruisse‚
575 721 1206 804 quiaauetorscopumsuioperis(c.lidilt)

161 804 346 877 manifestat,
368 823 437 865 cum
455 806 530 867 dicit
544 826 551 864 :
567 828 582 865 u
595 807 702 866 Finem
716 807 861 885 loquendi
883 810 999 886 pariter
1014 827 1115 871 omnes
1129 812 1206 873 audie

161 908 177 946 n
194 908 274 960 mnu,
288 892 384 952 Deum
417 894 506 966 time,
533 898 565 954 et
596 894 737 955 mandata
761 894 825 973 ejus
848 894 978 957 observa
991 916 1000 955 ε
1013 896 1072 958 hoc
1089 906 1133 961 est
1147 900 1205 961 enin

161 995 177 1032 n
195 978 403 1039 omnishomo.
427 998 444 1036 n

196 1066 345 1127 Rabbinis
361 1065 517 1127 nonnullis
535 1082 570 1128 ac
586 1066 773 1128 Acatholicis
786 1065 963 1146 quibusdam
974 1069 1205 1153 displicuitque

158 1160 278 1223 auctor,
291 1159 449 1233 postquam
461 1159 613 1214 creaturas
625 1170 716 1213 vanas
730 1170 795 1213 esse
809 1153 902 1224 dixit,
918 1154 994 1215 alibi
1014 1159 1156 1218 contraria
1167 1158 1205 1220 de

158 1245 243 1309 ceat3
258 1248 303 1300 ast
314 1257 375 1298 non
388 1239 602 1311 observarunt,
619 1238 733 1298 librum
745 1240 799 1300 tali
812 1239 902 1298 modo
915 1239 1092 1321 dispositum
1104 1252 1205 1317 essent

158 1325 385 1385 observationes
394 1324 743 1405 devanitatererumper
751 1327 823 1387 istas
833 1327 1204 1393 aliasresseetionesresbia

157 1420 266 1490 gantur
279 1418 311 1471 et
324 1411 522 1489 corrigantur.

194 1499 273 1560 Aliis
282 1497 483 1567 Acatbolicis,
498 1498 542 1556 uti
553 1504 584 1557 et
596 1498 726 1568 ludaeis,
737 1496 817 1558 haud
826 1498 941 1576 placuit
951 1500 1093 1579 frequens
1102 1503 1205 1567 ausui

156 1586 283 1647 monitio
299 1585 339 1646 de
356 1585 448 1646 hilari
467 1584 537 1645 vitae
553 1602 622 1657 usu;
636 1586 691 1647 sed
711 1585 743 1645 hi
761 1585 888 1647 minime
900 1587 1094 1651 attenderant
1107 1606 1204 1673 scopae
1243 1574 1246 1707 l

155 1671 238 1733 libri.
1242 1710 1246 1745 ,.

192 1762 264 1817 504.
280 1759 338 1840 etj
341 1803 346 1818 .
359 1758 478 1819 Inimici
491 1756 579 1837 huius
586 1757 660 1819 libri
674 1759 739 1839 ejus
748 1766 902 1820 auctorem
912 1762 945 1820 in
957 1762 1204 1840 particularieeee·

153 1857 257 1913 sarunt
281 1848 320 1910 de
344 1847 568 1929 Epicureismo,
596 1846 819 1908 Sadducaeismo
849 1854 881 1908 et
905 1848 1112 1926 Scepticismo.
1136 1848 1203 1911 lber

153 1938 254 1997 aiunt:

190 2022 220 2082 l⁰
232 2024 349 2096 Docere
362 2008 457 2080 vitam
474 2018 598 2079 mollem
610 2036 636 2078 c.
649 2019 684 2089 2,
701 2018 753 2089 il,
767 2018 821 2078 ubi
833 2018 876 2078 ait
888 2036 898 2078 ε
910 2038 925 2074 e
938 2019 1047 2081 Nonne
1059 2020 1158 2083 melin
1170 2026 1203 2083 et

153 2108 343 2170 »comedere
364 2115 395 2166 ct
418 2107 527 2166 bibere
541 2111 573 2165 et
587 2104 748 2166 ostendere
772 2106 880 2165 animae
893 2122 954 2166 suae
966 2105 1049 2167 bona
1066 2106 1103 2170 de
1112 2107 1203 2171 laberi-

152 2217 168 2254 n
182 2197 238 2257 bus
251 2196 330 2256 suis?
342 2195 381 2253 Et
397 2191 455 2253 hoc
469 2193 507 2252 de
520 2208 611 2251 manu
627 2191 686 2251 Dei
698 2198 759 2263 cst,
779 2213 795 2249 n
812 2200 844 2253 et
855 2209 882 2254 c.
895 2192 929 2263 5,
943 2192 989 2263 l5,
1003 2193 1057 2253 ubi
1070 2213 1079 2253 ε
1093 2192 1202 2257 «Μ

152 2302 168 2338 n
181 2281 287 2352 homo,
300 2281 415 2355 inquit,
430 2278 482 2351 qui
500 2277 634 2338 eomedit
650 2285 682 2337 et
691 2277 786 2348 bibit,
801 2286 833 2337 ct
849 2279 935 2339 videt
946 2279 1061 2353 bonurn
1072 2278 1202 2343 delabere

151 2388 167 2423 n
181 2384 250 2435 suo,
269 2366 329 2425 hoe
346 2365 458 2425 donum
469 2364 527 2423 Dei
540 2369 596 2422 est.
621 2383 636 2419 n
657 2363 693 2425 C.
715 2363 750 2432 l,
771 2364 963 2442 linquiunt,
986 2381 1056 2426 eum
1072 2366 1201 2429 adstruere
1243 2400 1246 2447 t

148 2452 253 2511 anundi
266 2451 482 2520 eternitatem,
496 2464 564 2510 cum
578 2447 672 2509 dicit:
687 2468 703 2503 u
717 2448 881 2510 Generatio
895 2452 1046 2530 preterit,
1061 2458 1091 2515 et
1099 2469 1202 2533 genere

149 2560 165 2597 n
178 2542 222 2600 tio
235 2539 374 2603 advenit.
388 2543 468 2597 terra
481 2543 583 2597 autem
594 2535 627 2595 in
640 2541 787 2595 aeternum
799 2544 867 2600 stat.
881 2559 896 2594 n

184 2628 213 2688 2²
232 2627 380 2687 Ebutiunt
408 2630 562 2685 auctorem
572 2623 681 2683 animae
694 2622 908 2685 mortalitatem
920 2622 1201 2707 adfirmare,eoquetl

147 2734 173 2777 c.
188 2715 223 2784 5,
239 2714 275 2774 l8
287 2720 318 2773 et
329 2713 379 2781 19,
396 2711 523 2773 scribit:
538 2731 554 2767 n
570 2710 642 2771 Dixi
651 2710 684 2770 in
695 2711 787 2771 corde
798 2727 867 2770 meo
881 2711 920 2771 de
930 2709 999 2771 filiis
1008 2713 1201 2779 nominamur

148 2802 320 2879 »probaret
337 2817 389 2860 eos
408 2799 503 2863 Deus.
524 2803 556 2857 et
568 2795 743 2857 ostenderet
754 2797 870 2858 similes
887 2814 952 2858 esse
962 2798 1069 2861 bestiis
1085 2798 1200 2861 :idcireo

147 2907 163 2944 »
175 2904 253 2947 unus
270 2885 412 2947 interitus
430 2891 476 2944 est
492 2883 624 2943 bominis
640 2889 671 2942 et
680 2882 899 2957 jumentorum,
915 2890 946 2944 et
964 2902 1050 2963 aequa
1067 2889 1200 2967 utrimque

146 2962 162 3031 i>
176 2973 311 3035 conditio
326 2991 334 3032 τ
347 2971 425 3033 sicut
435 2971 562 3031 moritur
573 2970 663 3030 homo
674 2970 718 3031 sic
737 2976 768 3030 et
782 2970 834 3029 illa
845 2971 1031 3041 moriuntur,
1044 2993 1061 3031 t>
1075 2980 1107 3037 et
1116 2992 1145 3037 v.
1154 2974 1199 3035 ll:

145 3060 250 3139 «Quis
260 3060 346 3121 novit
358 3060 385 3119 si
403 3059 527 3137 spiritus
538 3056 669 3116 tiliorum
680 3055 779 3116 Adam
793 3057 936 3118 ascendat
953 3076 1070 3120 sursum
1086 3066 1118 3122 et
1129 3058 1201 3143 spiri·

144 3170 160 3207 n
174 3158 220 3210 tus
227 3138 432 3227 jum'entorun
444 3143 609 3206 descendat
620 3143 778 3205 deorsum?
792 3163 808 3199 n
921 3178 925 3187 ·

179 3236 211 3297 2⁰
232 3237 278 3296 De
300 3231 497 3309 Sceptieismo
511 3230 597 3289 illum
609 3230 798 3300 insimulant,
822 3245 859 3288 eo
873 3228 953 3307 qnod
977 3229 1054 3292 dicit
1071 3249 1099 3293 e.
1114 3232 1145 3303 l,
1160 3230 1198 3292 2:

142 3343 158 3376 o
172 3323 297 3380 Vanitas
310 3322 476 3377 vanitatum
487 3336 495 3375 ι
508 3323 540 3377 et
558 3317 660 3376 omnia
674 3317 809 3386 vanitas,
822 3336 838 3373 n
853 3324 883 3376 et
895 3334 924 3378 v.
938 3318 957 3375 8
974 3336 982 3377 ε
999 3339 1015 3375 «
1033 3320 1155 3383 Cunctae
1164 3334 1200 3379 re
1244 3356 1246 3361 -

143 3428 158 3465 n
173 3404 328 3473 difficiles,
341 3422 402 3463 non
414 3411 514 3480 potest
533 3419 584 3463 eas
596 3403 686 3463 borno
700 3403 853 3481 explicare
865 3419 1004 3465 sermone
1018 3423 1027 3476 ;
1043 3426 1060 3463 u
1070 3425 1098 3469 c.
1112 3406 1144 3480 d,
1155 3406 1198 3467 ll:

141 3516 157 3550 a
171 3491 318 3553 Mundum
329 3489 455 3549 tradidit
472 3488 586 3566 (Deus)
598 3487 793 3567 disputationi
810 3505 933 3562 eorum,
951 3498 1066 3552 utnon
1083 3491 1199 3555 inveniat

60 3577 63 3585 '
141 3602 157 3636 »
170 3580 261 3639 homo
274 3593 363 3655 opus,
374 3574 456 3651 qnod
469 3580 609 3652 operatus
623 3582 669 3634 cst
680 3577 761 3636 Deus
772 3576 812 3635 ab
823 3575 911 3634 initio
924 3593 1020 3653 usque
1029 3578 1068 3639 ad
1077 3576 1198 3649 tineam

140 3684 165 3726 e.
181 3667 213 3735 7„
227 3665 308 3725 2112«
323 3662 438 3723 Cuncta
448 3661 564 3721 tentavi
576 3660 609 3719 in
621 3662 781 3739 sapientia.
794 3663 864 3723 Dixi
875 3681 885 3744 εΔ
894 3663 1023 3743 Sapiens
1043 3662 1200 3739 efficiar3el

140 3771 156 3807 n
170 3752 234 3829 ipsa
246 3748 367 3827 longius
380 3749 506 3808 recessit
518 3764 535 3806 a
546 3764 606 3806 me.
621 3768 637 3803 n
649 3748 763 3807 Verum

175 3842 248 3893 aas.
266 3837 351 3914 Resp.
364 3833 394 3893 l⁰
407 3832 442 3896 C.
455 3834 485 3904 2,
495 3832 542 3905 at,
559 3839 663 3894 auctor
675 3834 740 3894 vult
752 3834 865 3905 dicere,
878 3833 988 3895 melius
996 3836 1199 3901 essetnnubn

138 3924 292 3994 laborum,
316 3929 351 3983 ut
370 3920 429 3981 Dei
447 3919 549 3989 denis,
564 3919 720 3980 moderate
740 3923 801 3992 uti,
816 3938 905 3999 quarn
923 3921 961 3983 ab
978 3922 1018 3984 iis
1031 3920 1198 3989 abstinente

138 4011 336 4071 immoderata
347 4025 419 4069 cura
432 4024 534 4067 rerum
543 4008 740 4069 humanarum
750 4008 918 4069 tabescere.

176 4096 211 4160 C.
228 4096 324 4170 5,,15.
339 4088 660 4181 Sapienteraitaqere
676 4093 845 4168 bominem,
861 4095 914 4182 qui
932 4095 1038 4159 labore
1053 4096 1198 4181 pamm
