2708 4846
160 441 209 489 tle
453 441 497 487 DE
518 440 633 488 textu
653 439 695 486 El*
715 438 954 487 versionibus

309 566 325 636 S
340 570 403 618 lilv.
412 571 485 620 -be
499 569 658 620 versionibus
673 567 840 618 omentalibns
858 566 953 616 veteris
971 565 1091 616 redens.

194 715 264 770 batt.
273 713 440 774 Versioacs
448 712 621 775 orientales
629 711 743 773 veteris
751 709 888 770 Foederis
896 716 968 770 sunt
978 708 1119 788 l⁰plures
1126 710 1223 770 versia

157 815 212 859 nes
228 815 350 877 graecae,
371 799 579 860 Alexandrina
598 814 726 877 nempe,
739 798 818 856 LXX
832 797 1040 874 interpretum
1056 804 1223 874 nuncupata,

157 884 312 946 versiones
324 886 455 963 Aquilae,
469 884 702 954 Theodotionis,
712 881 899 960 Symmachi,
910 881 1042 959 Qtrinta,
1054 883 1224 961 serasera

158 971 245 1043 tima,
260 980 349 1051 atquc
367 973 566 1034 collectiones
583 971 744 1051 Origenis;
758 970 789 1031 2⁰
806 970 909 1050 plures
922 970 1053 1031 aliarum
1072 971 1223 1050 linguam

156 1057 348 1119 orientalium
364 1066 399 1119 ut
410 1059 511 1120 versio
525 1056 706 1127 chaldaica,
719 1055 858 1134 Syriaca,
871 1056 1079 1127 Samaritana,
1093 1055 1222 1125 Arabica.

155 1142 347 1225 AEthiopica,
361 1146 497 1215 Persica,
509 1143 707 1223 AEgyptiaca,
721 1143 904 1203 Armeniaca
916 1150 948 1202 ct
960 1142 1154 1204 sclavonica.

191 1230 365 1292 Auctoritas
384 1230 489 1290 harum
506 1229 691 1306 aliarrnnque
706 1229 880 1290 versionum
892 1227 1052 1307 dependet
1064 1227 1095 1288 l‘
1109 1235 1222 1301 aesta,

154 1332 245 1394 equo
259 1324 450 1385 emanarunt;
464 1314 496 1374 2⁰
509 1314 548 1375 ab
566 1320 673 1385 aetate,
687 1330 747 1391 qua
758 1313 844 1374 iactae
856 1319 940 1384 sunt;
953 1311 985 1371 δ’
997 1313 1040 1374 ab
1053 1313 1158 1376 indole
1167 1329 1222 1376 aue·

153 1403 228 1462 toris
244 1417 265 1463 a
282 1419 342 1480 quo
359 1401 504 1461 contectae
522 1407 605 1470 suat;
618 1400 650 1459 t·
666 1400 705 1462 ab
717 1416 821 1461 aarum
833 1398 1093 1472 conformation03
1109 1407 1142 1464 et
1153 1399 1222 1461 aa

153 1479 302 1549 hodierno
314 1488 434 1547 illanrm
444 1494 524 1547 statu
536 1504 590 1549 scu
602 1487 789 1548 conditione.

349 1624 389 1673 nr
405 1589 601 1673 vensionmus
616 1623 729 1672 aaran
743 1623 869 1673 maran
884 1621 1040 1674 amnena.

362 1730 441 1800 §xli
450 1757 480 1770 -
488 1733 573 1783 versio
584 1733 750 1782 Alexandrina
760 1733 823 1781 LXX
832 1733 1010 1795 interpretum.

187 1858 259 1912 1589.
280 1854 429 1916 Mittimus
450 1871 517 1933 quae
539 1853 691 1932 quondam
708 1851 1001 1933 juxtapersoaatum
1013 1851 1174 1918 Aristaeum
1188 1855 1220 1918 dc

150 1943 269 2020 origine
285 1941 417 2002 celebris
431 1941 581 2001 versionis
598 1938 828 2010 Alexandriae,
845 1939 926 1999 Lxx
939 1940 1147 2020 interpretum
1156 1958 1221 2002 nun·

149 2035 277 2107 cupatae,
297 2026 427 2105 repetita
445 2027 565 2086 luerunt
576 2026 589 2055 *
597 2042 606 2096 ;
619 2025 785 2086 reseremus
800 2024 957 2085 dummxat
972 2041 1042 2103 quse
1055 2025 1097 2086 ab
1109 2026 1221 2089 eruditis

150 2114 226 2174 viris
235 2113 350 2174 criticis
364 2112 403 2172 de
417 2111 475 2172 bac
487 2112 629 2172 versione
642 2116 794 2175 tenentur.

187 2199 216 2258 l·
237 2200 348 2259 Versio
372 2196 595 2270 Alexandrina,
615 2198 695 2256 Lxx
714 2196 765 2258 vel
786 2197 896 2257 LXXll
915 2197 1121 2275 interpretum
1135 2200 1219 2270 dicta,

148 2284 288 2343 omnibus
308 2284 499 2343 versionibus
517 2284 631 2342 veteris
650 2282 787 2343 Foederis
809 2283 991 2360 antiquitate
1009 2291 1042 2344 et
1054 2287 1221 2348 auctoritate

146 2368 342 2444 praeeminet3
357 2357 436 2426 lact‘a
454 2374 500 2426 est
513 2365 596 2442 juxta
608 2372 724 2427 textum
735 2367 892 2429 hebraenm
903 2384 921 2428 a
933 2367 1221 2452 JudaeisAEgyptiis,

146 2460 180 2512 ut
193 2452 294 2531 plures
315 2467 407 2512 voces
430 2453 606 2530 aegyptiacae
628 2459 776 2514 testantur
787 2462 857 2514 ante
874 2471 988 2515 annum
1004 2454 1064 2515 285
1081 2472 1150 2517 aere
1163 2458 1221 2519 aul-

145 2538 225 2616 garis
231 2536 454 2597 sutholemaeo
462 2536 538 2616 Lagi
550 2552 624 2614 rege
635 2538 775 2617 AEgypti,
787 2547 821 2599 ut
833 2540 885 2599 SS.
900 2541 1037 2602 lrcnaeus
1050 2549 1084 2602 et
1092 2541 1222 2606 Clemens

146 2625 234 2686 Alex.
254 2630 417 2693 testantur,
435 2623 646 2684 verisimiliter
667 2642 760 2705 opera
776 2627 925 2687 Demetrii
944 2625 1085 2688 Phalerii
1099 2631 1132 2691 ia
1146 2648 1221 2693 mum

144 2711 319 2772 iudaeorum
332 2710 567 2770 Helleaistarum
578 2711 658 2771 ultra
674 2719 795 2772 centum
806 2712 928 2773 milliaa
942 2712 1028 2773 dicto
1039 2731 1115 2794 rege
1128 2733 1164 2777 er
1173 2718 1221 2788 Ju-

144 2797 210 2860 daea
219 2798 251 2857 in
261 2798 431 2874 AEgyptum
442 2795 656 2868 abductorum,
668 2804 699 2857 ct
711 2797 756 2856 ibi
768 2797 892 2876 publico
902 2814 965 2858 suae
974 2798 1139 2880 religionis
1147 2801 1220 2865 ealle

143 2880 350 2959 gaudentium.

173 3015 262 3075 'Quod
270 3027 360 3075 nempe
372 3015 518 3065 Ptolemaeus
527 3015 704 3078 Philadelphus
712 3017 857 3079 rch'gypti
866 3017 898 3067 ad
906 3018 1085 3080 captivandam
1091 3022 1218 3073 ludam

143 3083 344 3134 benevolentiam
355 3087 381 3134 et
391 3085 539 3134 obtinendos
554 3098 640 3134 eornm
656 3087 743 3134 Libros
759 3099 854 3148 sacrm,
871 3088 973 3136 centum
991 3090 1074 3141 millia
1091 3092 1218 3143 iudom

143 3154 295 3215 captivorum
306 3152 422 3202 hbertatc
437 3154 582 3215 donaverit,
598 3167 642 3216 pro
653 3155 757 3215 singulis
769 3157 879 3216 pretium
889 3156 922 3206 ht)
930 3157 1112 3209 machinarum
1121 3163 1218 3222 ipu-

142 3224 248 3274 dominis
256 3222 418 3284 persolverit,
426 3235 528 3271 munera
539 3224 668 3290 magnifica
676 3225 790 3273 Eleazaro
799 3236 894 3274 summo
905 3227 1029 3276 sacerdoti
1038 3230 1151 3293 miserit,
1160 3229 1217 3280 stu

141 3295 187 3343 boc
197 3291 334 3342 obtinuerit
341 3292 496 3353 septuaginta
507 3293 568 3340 duos
575 3293 671 3341 iudaeos
679 3293 790 3342 hebraici
799 3295 825 3343 et
833 3295 905 3355 greci
913 3295 1043 3346 idiomatis
1051 3299 1215 3360 periasenas,

141 3361 274 3424 etquidem
285 3372 330 3408 sex
339 3373 371 3407 cx
382 3360 494 3421 qualibet
503 3360 633 3409 duodecim
643 3362 768 3423 tribuunt,
778 3363 820 3424 qni
832 3363 859 3411 ln
871 3364 952 3412 insula
962 3377 1045 3427 prope
1054 3368 1215 3418 Alexandria!

141 3431 172 3480 dc
184 3428 338 3479 traductione
349 3427 416 3474 inter
427 3441 454 3475 se
467 3428 636 3488 conterentes,
649 3431 804 3491 septuaginta
815 3430 912 3481 duobus
922 3432 1014 3482 diebus
1026 3434 1121 3497 Legem
1132 3436 1215 3486 ledu-

139 3511 196 3552 rnm
210 3499 236 3545 in
251 3508 358 3556 mecam
372 3496 463 3543 idioma
477 3497 644 3546 traduxissent
657 3499 784 3561 (Aristaeus
798 3500 829 3547 dc
840 3501 867 3550 S.
877 3501 967 3562 SerIpl.
984 3503 1144 3568 interpret).
1157 3506 1214 3554 Ιὶι

138 3568 243 3617 iacimus
253 3578 307 3627 quaa
318 3565 387 3613 Philo
399 3562 462 3627 (lib.
471 3565 501 3626 2,
512 3566 606 3614 devita
617 3566 723 3630 hloysis)
735 3569 849 3617 meminit
858 3569 889 3617 dc
898 3571 1066 3631 inspiratione
1075 3574 1163 3624 haren
1171 3586 1214 3635 atr

138 3637 248 3697 taagiata
262 3636 366 3682 duorum
380 3634 558 3696 interpretum,
569 3648 617 3696 qna
628 3637 718 3697 singuli
727 3637 843 3686 deverbo
854 3638 885 3686 ad
896 3639 1004 3687 verbum
1016 3643 1107 3692 eadem
1117 3643 1213 3708 seipas

138 3704 209 3766 scat,
223 3715 278 3764 qun
289 3701 365 3751 babet
374 3703 484 3751 lustinus
502 3705 595 3765 marm
606 3703 725 3766 (liabent.
741 3705 954 3755 anmantuus
969 3711 996 3757 ct
1010 3709 1069 3770 eius
1081 3713 1178 3774 Apolog.
1188 3709 1212 3758 ai

138 3771 200 3832 lrnp.
212 3770 320 3834 Antea.)
337 3772 368 3820 de
382 3772 538 3833 septuaginta
551 3773 647 3821 duabus
660 3774 758 3822 cellulis
772 3787 786 3822 a
800 3773 963 3837 Philadelpho
980 3790 1104 3840 expressa
1119 3780 1210 3831 cambri

136 3839 224 3902 lasis,
234 3841 262 3888 in
272 3843 362 3901 quibus
373 3843 528 3901 septuaginta
537 3842 586 3890 duo
596 3843 745 3903 interpretes
756 3844 861 3905 separati
870 3858 941 3893 suarn
953 3849 1099 3898 versionem
1108 3850 1210 3900 coabdt·

136 3913 192 3956 sent
200 3912 226 3958 et
233 3910 259 3956 in
267 3923 311 3958 sua
320 3912 433 3959 versione
444 3911 554 3971 perlecta
565 3913 752 3973 convenissent,
763 3916 837 3975 atque
846 3927 901 3976 quae
912 3916 997 3964 narrat
1006 3919 1160 3980 Epiphanius
1169 3919 1209 3981 lite

137 3979 259 4101 affixis
270 3981 295 4028 ct
305 3979 473 4044 ponderibus)
485 3980 517 4030 dc
528 3981 629 4044 triginta
640 3994 686 4032 sex
700 3983 813 4046 cellulis,
824 3984 955 4048 inquibus
965 3986 1021 4037 bini
1033 3991 1061 4040 et
1070 3989 1124 4041 bini
1134 3988 1208 4040 iactast
