2708 4846
476 469 659 522 trenortii!
677 468 873 522 sacrorum
1184 469 1216 521 tt

170 566 261 635 Aquam
278 553 427 619 lectorem
443 557 592 637 judicium
612 564 684 637 erit,
697 571 796 625 utrum
815 563 888 626 libri
907 554 1173 645 deuterocahonioi
1195 576 1215 625 a

168 644 384 721 protoemoniois
403 645 501 709 adhuc
518 647 665 729 distingui
684 657 870 722 mereantur,
892 665 1003 710 necne.
1020 647 1142 709 Patebit
1160 663 1213 707 au-

168 734 347 801 temreteres
358 731 563 795 Protestantos
573 736 792 815 praeoocupatis
800 734 996 815 opinionibus
1008 733 1138 811 odioque
1150 732 1213 792 Ro·

168 815 484 901 mmaEcclesiaeaotos
492 817 583 880 tuisse
596 819 643 897 (n.
655 819 706 897 8),
724 820 798 882 dum
809 821 908 883 libros
919 817 1209 883 deuterocanonicor

170 902 334 967 eboratis
343 903 515 966 eliminatos
525 905 652 967 vellent.

371 1088 622 1138 mrrrcuurms
639 1091 821 1139 ernanum
834 1093 981 1140 carlonis.

170 1210 232 1284 ltu.
241 1241 271 1256 -
280 1216 414 1268 Silentium
424 1218 514 1269 Christi
525 1219 551 1268 ot
561 1220 729 1282 Apostolorum
744 1220 774 1269 (le
785 1219 857 1269 libris
867 1217 1094 1271 deuterocauonieis
1104 1220 1197 1272 veteris

281 1289 408 1352 Foederis,
420 1302 449 1338 ae
457 1290 546 1339 horum
556 1290 676 1340 librorum
686 1302 702 1340 a
712 1303 805 1341 canone
815 1291 954 1340 ludaeorum
965 1290 1084 1341 uenas.

183 1427 227 1487 lt.
240 1428 307 1510 obj.
321 1428 352 1489 l⁰
368 1428 505 1491 Christus
522 1436 553 1489 et
569 1429 718 1509 Apostoli,
731 1431 832 1504 aimrt,
841 1431 960 1511 ‘saepius
973 1430 1104 1494 citarent
1115 1431 1212 1496 libros

154 1517 387 1592 protoetmonioos
401 1516 515 1576 veteris
524 1515 675 1586 Foederis,
688 1516 746 1577 sed
755 1535 917 1596 numquam
927 1517 1022 1579 libros
1033 1518 1212 1583 deuterooa-

152 1601 273 1662 noricos.
283 1600 316 1661 2⁶
328 1599 433 1679 Judaei
443 1617 596 1679 nunquam
610 1603 643 1662 in
654 1619 709 1664 suo
719 1602 843 1665 Canone
852 1603 1026 1665 habuerrmt
1034 1603 1130 1665 libros
1139 1603 1212 1668 dou·

149 1686 378 1747 torooanonicos.

176 1773 257 1852 Aeop.
276 1771 416 1834 Christus
433 1777 466 1834 et
482 1773 622 1853 Apostoli
634 1775 728 1835 etiam
742 1773 903 1835 nonnullos
920 1774 1212 1852 librosaprotooano·

144 1858 222 1920 nicos
238 1861 354 1921 veteris
368 1861 520 1931 Foederis,
538 1878 700 1937 numquam
721 1862 865 1930 citarunt,
887 1867 921 1920 ut
937 1860 1033 1920 libros
1052 1859 1209 1933 Judicum,

142 1945 234 2019 lluth,
248 1955 324 2018 etc.;
342 1963 434 2026 quare
447 1948 472 2008 si
486 1947 641 2007 duntaxat
656 1946 796 2007 canonici
809 1953 909 2006 essem
926 1946 1053 2033 librihah
1064 1945 1126 2007 illis
1136 1945 1212 2009 allo·

139 2033 216 2112 gatti,
229 2049 289 2094 nec
298 2049 405 2094 omnes
415 2032 644 2112 protooanonici
656 2031 732 2092 tales
743 2031 853 2091 forent.

172 2118 311 2182 Christus
323 2127 355 2182 et
365 2119 502 2199 Apostoli
513 2119 603 2179 modo
615 2126 713 2179 textus
723 2135 761 2179 ex
771 2119 858 2180 libris
868 2116 1109 2199 particularibus,
1119 2119 1210 2183 modo

137 2206 322 2287 scripturam
332 2223 449 2268 sacram
466 2207 651 2285 generaliter
662 2206 852 2284 allegabant,
873 2207 974 2267 ethoe
990 2207 1098 2267 ultimo
1118 2208 1210 2268 modo

136 2294 352 2374 intelligebant
361 2310 435 2355 sano
448 2294 517 2354 illos
528 2293 637 2354 Libros
645 2294 768 2364 Sacros,
783 2294 870 2370 queis
880 2295 899 2353 J
901 2291 980 2353 udnei
993 2294 1128 2354 divinam
1138 2311 1210 2357 auo·

135 2381 290 2443 toritatem
298 2381 493 2452 tribuebant;
505 2379 561 2441 sed
574 2397 643 2440 cum
654 2397 815 2458 nmnquam
824 2381 985 2441 Librrnnn
995 2398 1148 2442 sacrorum
1159 2399 1211 2443 ca-

134 2482 247 2529 nonem
257 2465 429 2537 texuerint,
443 2465 567 2544 quaestio
581 2482 619 2525 ex
630 2481 735 2525 eorum
746 2465 928 2526 testimoniis
939 2466 1005 2526 sive
1016 2466 1210 2543 generalibus

134 2552 200 2614 sire
215 2552 451 2633 particularibus
467 2551 546 2614 solvi
566 2551 682 2628 nequit.
704 2551 785 2612 Hinc
807 2550 973 2611 videndum
995 2551 1117 2628 quinam
1135 2551 1211 2612 libri

134 2637 219 2717 apud
228 2636 355 2698 Judaeos
371 2635 476 2697 diviua
492 2637 672 2696 auctoritate
687 2635 864 2714 gauderent.
877 2635 985 2695 Libros
995 2637 1211 2714 protooanoni-

134 2738 187 2785 ωε
198 2722 336 2785 divinam
345 2721 425 2799 apud
436 2721 557 2783 Judaeos
566 2720 708 2782 hahuisse
724 2722 948 2791 auctoritatem,
959 2720 1143 2781 universalis
1156 2737 1209 2781 eo·

134 2806 337 2869 rumtraditio
348 2813 484 2877 testatur,
505 2804 794 2866 deuterocanonicos
813 2810 913 2866 autem
928 2805 1037 2883 aequali
1049 2805 1113 2866 lere
1130 2806 1208 2885 apud

133 2890 204 2954 sslos
213 2878 335 2973 g'avisos
347 2898 413 2952 esse
425 2892 617 2962 auctoritate,
629 2892 761 2970 probant
772 2892 941 2968 sequentia.

170 2976 217 3037 lu.
236 2976 389 3056 losephus
411 2975 460 3053 (L.
473 2976 499 3047 l,
516 2984 618 3036 contro
629 2977 786 3054 Aptoncm,
798 2977 815 3051 S
827 2976 865 3051 8)
878 2976 936 3050 ait,
952 2975 1040 3039 librrs
1052 2993 1157 3037 eorum
1169 2977 1208 3039 ab

136 3062 317 3124 Artaxerxis
332 3061 533 3140 temporibus,
557 3060 666 3139 quihus
688 3062 821 3140 ipsorum
848 3060 954 3122 Canon
977 3063 1130 3123 contectus
1151 3076 1207 3141 est,

135 3148 320 3228 compositis,
332 3164 474 3226 magnam
484 3149 523 3208 ab
540 3149 586 3208 eis
595 3148 825 3207 venerationem
834 3147 925 3206 baisse
937 3148 1121 3217 exhibitam
1133 3147 1208 3208 dicit

133 3241 237 3297 autem
245 3234 317 3296 illos
326 3250 390 3295 non
400 3240 483 3294 tanta
493 3235 612 3313 gavisos
630 3250 695 3295 esse
708 3234 902 3305 anctoritate,
916 3241 1026 3310 quanta
1036 3232 1208 3312 gaudebant

132 3321 379 3402 protooanonici,
398 3319 479 3397 quod
496 3321 645 3381 successio
657 3319 948 3399 hagiographorum,
961 3337 1015 3380 seu
1028 3319 1208 3400 scriptorum

132 3404 364 3485 inspiratorum,
377 3403 457 3466 haud
465 3406 537 3465 satis
548 3412 630 3466 certa
639 3403 804 3464 videretur.
813 3436 844 3448 -
854 3404 892 3464 R.
901 3403 1101 3464 Maimonides
1115 3409 1207 3463 testa·

134 3490 240 3568 trr(tit
250 3489 499 3561 Moreltlboohim,
510 3499 590 3568 port.
601 3490 629 3560 A,
644 3508 708 3569 cap.
718 3490 781 3566 tt),
794 3489 874 3569 apud
886 3490 1008 3551 ludaeos
1017 3489 1146 3569 duplicis
1155 3505 1208 3567 ge-

132 3576 215 3638 nens
224 3574 435 3654 hagiographa
453 3574 601 3645 extitisse;
615 3575 674 3635 alia
689 3575 869 3636 dicebantur
881 3592 899 3636 a
912 3576 1027 3655 Spiritu
1037 3579 1140 3634 sancto
1150 3589 1207 3652 per

132 3661 302 3725 seemdrnn
317 3659 486 3740 prophetiae
502 3660 628 3740 gradum
642 3661 744 3721 Ruooh
753 3659 934 3721 ltollodesoh
945 3661 1090 3739 inspirata
1099 3658 1204 3732 tuisse,

132 3758 199 3825 μ
213 3746 333 3824 scripta
344 3746 508 3807 secundum
521 3746 718 3807 eminentiam
732 3746 882 3824 appellata
899 3746 1066 3818 Clretobim,
1105 3744 1138 3804 in
1150 3747 1205 3805 Ju-

121 3828 404 3917 ,mmCanone
414 3839 510 3894 erant.
521 3832 592 3893 Alia
608 3832 811 3892 credebantur
821 3839 888 3910 post
901 3831 1121 3910 captivitatem,
1133 3831 1205 3893 dum

114 3910 286 3997 :mitiora
294 3916 521 3996 prophetiarum
530 3933 645 3996 genera
655 3916 838 3993 defecerant,
850 3916 991 3993 equidem
1009 3916 1205 3997 aDeoinspi·

152 4000 156 4007 '
184 4002 285 4081 ¹„sed
301 4002 423 4062 nonnisi
432 4019 487 4081 per
496 4002 655 4073 Botholrol,
671 4001 764 4063 filiam
780 4003 875 4064 vocis.
888 4001 963 4077 Quae
976 4000 1081 4063 ultima
1091 4003 1203 4081 scripta

114 4108 122 4147 ·.
150 4088 153 4095 “
181 4104 295 4157 corma
310 4085 434 4150 Canem
450 4105 513 4150 nou
524 4096 620 4152 erent.
630 4120 664 4138 -
675 4090 706 4153 S.
727 4090 929 4168 Hieronymus
943 4085 1036 4151 refert
1052 4085 1160 4168 (Pras.
1172 4087 1203 4149 io
