2708 4846
234 460 280 511 tta
521 459 565 507 bu
584 459 703 507 'l'EX'l'U
720 459 763 506 ET
781 455 1026 506 vnastortlssus

233 572 251 609 ιι
264 554 429 630 Scripturas
448 568 547 612 sacras
559 549 736 629 profundius
747 549 945 620 meditantur,
963 548 1065 608 fontes
1084 562 1205 625 graecos
1218 554 1248 607 et
1260 546 1302 607 be

234 658 251 694 ιι
263 637 371 706 bracos,
378 643 606 714 quatenusopus
613 635 662 704 sit,
670 634 992 709 consulere...bicebit
1004 631 1303 703 nobis‚sa1vaConci·

233 722 296 781 olii
310 722 503 789 anctoritate,
517 728 579 781 tam
595 738 633 780 ex
649 719 801 779 hebraicis
813 707 1301 795 quaingraecisexemplaribus,so·

229 825 343 868 »urere
357 806 463 868 efficax
476 813 700 884 argumentum,
711 813 851 881 tanquam
866 820 902 863 ex
915 809 1002 862 textu
1014 802 1185 880 Scripturae
1196 817 1302 861 sacras

267 892 299 950 b⁰
312 895 476 953 Decretum
493 890 707 950 Tridentinum
725 889 832 950 hocin
850 905 939 948 seusu
954 892 1081 965 semper
1099 884 1304 946 intellexerunt

231 978 373 1038 meliores
390 976 555 1055 Theologi,
575 982 608 1034 ut
636 975 798 1035 cardinalis
815 974 1015 1034 bellarminus
1030 972 1055 1042 ¹,
1082 972 1136 1049 qui
1157 971 1302 1032 Calvinum

231 1063 383 1124 mendacii
406 1063 521 1140 arguit,
548 1061 629 1139 quod
643 1061 800 1122 adsereret
809 1059 1021 1120 Tridentinam
1032 1058 1196 1136 Synodum
1206 1058 1303 1136 Vulga-

231 1154 294 1207 tam
315 1147 446 1207 lontibus
459 1147 626 1226 praetulisse
633 1165 642 1217 ;
663 1145 888 1215 Genebrardus‚
909 1144 1040 1212 Ribera,
1058 1144 1217 1214 serarius,
1236 1144 1302 1203 Bon·

229 1232 523 1303 irerius‚Sanderus‚
538 1232 636 1291 Adam
656 1231 807 1300 eonucn,
821 1232 991 1300 Tannerns,
1005 1229 1149 1294 Bannez.
1181 1229 1228 1289 Du
1241 1228 1301 1300 ru,

233 1316 366 1386 Calmet‚
379 1318 523 1394 Bergier,
540 1315 637 1386 Jabn,
653 1323 710 1375 etc.

268 1401 365 1467 lubet·
377 1400 694 1477 equidemConcilium
703 1397 1303 1477 Tridentinumrsumversicnisvulgata

232 1485 265 1544 in
278 1487 408 1564 publicis
421 1487 617 1554 lectionibus,
632 1485 899 1564 disputationibus,
914 1491 989 1554 etc.;
1011 1491 1042 1544 at
1055 1501 1128 1545 oum
1147 1485 1304 1548 Concilium

231 1570 364 1633 locutum
376 1591 436 1633 non
451 1574 490 1631 sit
502 1572 561 1631 nisi
573 1571 613 1632 de
625 1572 816 1632 versionibus
828 1571 943 1640 latinis,
956 1571 1097 1647 sequitur
1114 1571 1201 1630 illam
1224 1572 1304 1632 sonu

231 1673 267 1716 ex
279 1660 407 1718 crucibus
420 1659 596 1718 versionibus
606 1657 706 1718 latinis
730 1657 769 1718 ad
783 1675 869 1719 usum
889 1658 1046 1736 publicum
1059 1658 1092 1717 in
1112 1659 1250 1720 Ecclesia
1259 1661 1304 1718 La

232 1744 295 1805 tina
311 1745 516 1805 adhibendam
534 1761 609 1805 esse.
628 1747 671 1804 lta
684 1744 900 1804 catholicorum
915 1743 1084 1804 doctissimi
1098 1743 1236 1806 Conciiii
1247 1745 1305 1805 Tri-

232 1827 349 1888 dentiui
364 1830 519 1889 decretum
529 1846 649 1906 semper
659 1829 890 1898 intellexerunt,
901 1836 1064 1888 censentes
1073 1828 1155 1889 iilud
1166 1831 1305 1910 respicere

233 1917 354 1993 eosqui
365 1917 482 1994 linguas
492 1916 670 1994 originarias
681 1915 838 1974 Librorum
844 1931 996 1974 sacromm
1006 1914 1089 1975 baud
1101 1916 1227 1985 callent,
1238 1917 1304 1977 iisrc

231 2001 312 2062 lrand
324 2011 458 2073 utuntur3
480 2002 565 2071 bine,
588 2001 754 2061 doctissimi
772 2003 954 2078 interpretes
968 2001 1116 2062 catholici
1136 2020 1229 2064 novas
1245 2018 1305 2062 ver·

232 2089 333 2149 siones
358 2091 525 2148 Bibliorum
544 2104 696 2149 sacrorum
718 2094 786 2165 post
803 2087 993 2147 Tridentinae
1017 2088 1139 2166 Synodi
1162 2089 1304 2151 decretum

229 2172 314 2250 juxta
324 2183 423 2235 textus
436 2174 615 2252 originarios
635 2173 794 2232 Librorum
809 2189 962 2234 sacrorum
983 2172 1300 2252 elucubrarrmt(oonl.

232 2276 262 2316 n.
276 2259 440 2337 abacta),
456 2267 486 2317 et
503 2259 555 2317 alii
570 2260 601 2316 in
618 2258 679 2317 suis
696 2258 928 2320 Commentariis
941 2260 972 2318 in
992 2260 1185 2338 Scripturam
1199 2276 1303 2322 sacram

231 2341 368 2418 Vulgatae
381 2342 578 2418 praetulerunt
593 2349 707 2402 textum
724 2344 935 2420 originarium,
949 2345 1002 2404 ubi
1020 2343 1073 2404 hic
1087 2347 1203 2407 clarior
1215 2353 1245 2406 et
1260 2362 1302 2405 er·

230 2425 363 2502 peditior
372 2426 546 2496 videbatur3
558 2434 589 2486 et
602 2426 673 2486 binc
684 2427 830 2489 adhibent
843 2431 874 2490 in
883 2447 969 2491 usum
980 2448 1042 2492 suae
1052 2433 1204 2496 Ecclesiae
1215 2432 1299 2495 ome

230 2510 379 2576 Catholici
395 2528 450 2589 pro
467 2513 564 2572 veteri
583 2511 712 2573 Foedere
728 2514 899 2575 versionem
908 2517 1160 2580 >Alexandrinam
1171 2521 1249 2580 Lxx
1262 2521 1300 2579 ln

229 2603 394 2675 terpretum
412 2640 420 2666 ,
446 2604 478 2656 et
494 2614 550 2674 pro
568 2615 648 2657 novo
665 2597 793 2659 Foedere
812 2606 926 2660 textum
944 2617 1077 2680 graccum
1097 2605 1297 2685 originarium,

228 2683 346 2744 Arabes
365 2683 537 2744 versionem
553 2683 722 2754 arabicam,
743 2685 813 2763 Syri
831 2686 992 2762 syriacam,
1012 2689 1150 2751 Armeni
1167 2692 1298 2753 armenie

229 2784 314 2838 eam,
329 2775 386 2828 etc.

264 2851 341 2912 Cum
359 2869 433 2912 vero
454 2858 553 2912 textus
574 2852 754 2930 originarius
776 2855 875 2932 quoad
895 2857 1096 2919 substantiam
1120 2862 1296 2942 incorrupto

229 2944 310 2994 cxtet
323 2937 374 3011 (n.
389 2936 549 3014 bimi),
568 2945 600 2998 et
611 2938 741 3017 Vulgata
762 2940 860 3018 quoad
873 2942 1084 3007 substantialia
1098 2949 1164 3009 suis
1180 2946 1294 3010 lontibus

227 3020 266 3080 sit
278 3021 438 3082 conformis
452 3022 531 3099 (boc
543 3040 575 3083 ιι.
587 3021 657 3098 606)
669 3026 805 3102 sequitur
825 3026 1047 3089 dissensionem
1078 3032 1293 3095 substantium

225 3104 307 3165 inter
318 3112 432 3166 textum
440 3107 637 3187 originarium
647 3117 679 3173 et
687 3111 847 3190 Vulgatam
860 3112 960 3175 locum
972 3115 1091 3178 babere
1104 3136 1171 3181 non
1183 3137 1263 3200 pomo
1272 3119 1292 3181 ¹.

256 3226 267 3264 ¹
278 3228 353 3277 Salui.
363 3231 457 3292 Proice.
469 3231 512 3278 lli.
522 3256 552 3267 -
563 3227 575 3265 ²
586 3232 713 3295 licitam„
722 3235 758 3283 lle
768 3235 843 3283 verbo
853 3236 913 3296 lici,
923 3237 969 3286 lib.
978 3239 1004 3299 ἲ,
1014 3252 1038 3288 e.
1050 3242 1091 3289 ¹0.

253 3362 512 3426 ’Vulgatamlatinam
519 3367 601 3427 parvis
609 3369 732 3417 nonnullis
738 3371 814 3418 naevis
821 3371 886 3420 baud
894 3373 1056 3436 obstantibus,
1062 3378 1187 3438 optimam
1195 3388 1292 3430 eoem

223 3433 326 3493 tionem,
336 3447 385 3480 uon
393 3434 542 3482 solummodo
554 3438 622 3493 patet
633 3450 664 3484 ex
675 3439 820 3488 auctoritate
828 3441 931 3489 Consilii
942 3444 1096 3506 Tridentini,
1108 3448 1135 3495 S.
1148 3448 1293 3510 Hieronymi,

223 3507 275 3564 eius
285 3504 363 3567 quoad
372 3507 504 3553 maximam
514 3509 608 3565 partem
616 3510 721 3557 auctoris
730 3513 768 3558 vel
777 3513 1007 3576 coniecturamque
1016 3519 1214 3583 catholicorum,
1221 3531 1293 3570 vernn

224 3577 298 3622 otiam
314 3588 346 3621 ex
358 3586 476 3622 consensu
488 3576 683 3624 doctissimorum
699 3581 724 3625 et
739 3581 932 3639 arduissimcrum
947 3586 1161 3638 Acatlrolicorum.
1176 3592 1225 3640 llos
1240 3592 1294 3638 inter

224 3644 293 3690 bouis
305 3644 335 3690 dc
348 3644 410 3690 Dicu
421 3656 427 3689 ε
440 3661 453 3685 «
466 3645 502 3690 tie
511 3645 577 3691 lraud
587 3648 726 3695 erratorum
733 3650 846 3707 arbitror,
858 3651 946 3712 inquit,
955 3655 976 3701 si
984 3656 1098 3715 Vulgata
1109 3660 1294 3721 auctoremmvi·

221 3728 237 3757 ιι
246 3713 399 3773 cumqueiilo
408 3713 448 3771 sil,
460 3714 701 3776 lromiucmdoctcm,
711 3719 962 3769 immodoctissimum
968 3724 1172 3786 dixero(Nnt.in
1183 3730 1293 3790 Erectis

249 3784 275 3827 P.
288 3784 374 3842 Papius
391 3784 478 3830 sciolos
493 3796 520 3830 ac
540 3784 697 3844 impudentes
712 3789 835 3851 adpcllat,
849 3793 894 3852 qui
908 3792 939 3840 dc
951 3794 998 3842 bac
1011 3796 1181 3847 celeberrima
1191 3800 1292 3850 versiam

219 3850 283 3896 maie
295 3849 428 3910 loquuntur
439 3849 448 3912 (
459 3855 530 3912 erut
539 3856 569 3901 od
580 3856 658 3902 cclint.
671 3859 780 3905 translat.
794 3862 824 3907 V.
836 3860 885 3922 Τ).

251 3918 351 3965 ltmsius
362 3921 495 3968 concilium
505 3923 676 3970 'tridentinum
690 3925 774 3974 laudat
783 3930 848 3988 quod
859 3932 988 3992 vulgatam
1004 3946 1049 3983 sua
1060 3939 1212 3988 auctoritate
1222 3936 1292 3987 sand-

219 3986 284 4032 vcrit
295 3985 304 4046 (
315 3990 352 4034 Aa
360 3990 411 4037 ioco
421 3992 524 4050 difficilia
535 3994 655 4054 Pectat).

249 4060 280 4106 11.
287 4061 380 4112 Grotius
390 4078 399 4111 .·
410 4065 558 4114 «tutissima
566 4067 685 4127 omnium,
694 4068 738 4128 ait,
749 4069 790 4130 iis,
800 4072 843 4132 qui
850 4085 896 4122 nec
906 4073 1024 4126 bcbraicc
1033 4089 1081 4128 nce
1090 4092 1172 4141 praeco
1181 4080 1291 4139 uideas,
