2708 4846
134 473 171 525 oc
543 472 587 520 us
608 468 810 520 annuerem

139 565 231 638 rodo,
255 565 336 637 atos,
352 578 421 644 quae
438 570 623 644 supponunt,
638 562 765 641 Moysen
783 560 844 622 alia
864 560 1017 633 breviter,
1032 562 1081 625 alia

139 653 291 731 descripta
305 650 552 730 deprehendisse.
570 651 601 711 Si
614 650 713 709 omnia
729 665 768 708 ex
781 648 985 719 revelatione,
1000 649 1081 712 vele

139 737 223 797 tione
232 736 399 809 didicisset,
408 743 491 798 tanta
500 736 633 796 brevitas
643 735 675 794 in
684 734 786 796 multis
795 733 896 813 magni
907 735 1081 808 momenti,l

138 823 171 882 in
185 822 252 882 eliis
261 821 418 901 prolixitas
427 819 508 881 haud
522 820 720 880 inveniretur.

175 906 208 965 6⁰
220 907 384 968 Multorum
395 925 492 967 retum
507 906 732 985 repetitionibus,
746 909 780 965 ut
792 906 993 985 cosmogoniae
1007 907 1045 982 (c.
1058 907 1072 966 l

138 992 205 1057 Seth
216 1001 248 1056 et
258 996 339 1056 Eoos
351 996 393 1073 (c.
407 998 439 1067 l,
450 994 536 1056 idid
546 1001 577 1057 et
587 1012 614 1056 c.
626 994 660 1065 t,
670 992 756 1074 dli),
767 989 898 1066 soliorum
908 994 1013 1056 Nocmi
1023 993 1081 1070 (c.‹

139 1080 211 1152 cti,
225 1079 276 1151 lli,
295 1081 363 1160 etc)

175 1168 207 1229 6ο
227 1171 262 1229 ln
273 1173 336 1230 toto
354 1169 453 1248 capite
471 1159 586 1248 primo,
604 1168 658 1228 ubi
672 1169 705 1229 in
718 1167 824 1245 quovis
839 1167 904 1227 lere
924 1181 1016 1227 versu
1032 1182 1081 1227 nor

138 1256 286 1325 occurrit,
298 1257 380 1316 Dens
396 1270 560 1332 numquam
578 1262 704 1315 vocatur
720 1252 864 1321 Jehovah,
881 1250 936 1313 sed
951 1268 1072 1330 semper

138 1341 172 1400 in
184 1337 337 1403 aliisvero
354 1341 503 1421 capitibus
519 1358 613 1418 usqne
629 1340 668 1401 ad
684 1338 775 1400 finem
796 1338 902 1416 capitis
921 1339 1021 1414 quarti
1037 1340 1081 1399 De

139 1435 360 1507 quamvocatur
368 1425 503 1496 Elohim,
514 1428 569 1487 sed
580 1424 875 1494 continquelaovah,
891 1423 1081 1485 velleivvalo·

175 1513 206 1573 7⁰
231 1512 409 1574 Traditione
432 1513 507 1573 orali
525 1514 644 1592 Moyses
666 1513 744 1573 scire
762 1511 842 1572 haud
866 1512 1013 1591 potuisset
1035 1528 1081 1573 vei

138 1599 343 1677 loquentium,
370 1614 438 1676 quae
458 1605 618 1668 recenset,
643 1597 851 1677 genealogias,
875 1598 1081 1660 determinato

138 1702 289 1756 numeros,
298 1684 421 1745 nomina
430 1684 554 1764 propria
563 1684 730 1754 hominum,
741 1684 886 1754 locorum,
900 1691 959 1744 eto.

175 1769 1080 1850 Moysesdocumentaistalereintactereliquissevidetur,nl

137 1858 216 1920 varii
229 1856 317 1936 styli,
326 1857 574 1935 inscriptionum,
587 1874 696 1918 vocum
705 1856 921 1924 obsoletarum,
936 1863 994 1915 ete.
1006 1857 1081 1916 innu

138 1945 208 2006 dam
222 1951 324 2005 minen
339 1945 620 2023 praetermissa.essc
632 1943 776 2003 videntur
790 1959 856 2021 cap.
874 1942 907 2010 ἢ,
928 1942 980 2001 ubi
1001 1942 1081 2002 duint

138 2037 278 2099 curnmt‚
298 2046 365 2107 quoe
378 2030 507 2108 primam
522 2029 746 2107 cosmogoniam
758 2028 912 2107 supplent,
925 2027 997 2087 dum
1009 2035 1081 2089 tamt

137 2117 157 2173 lt
169 2116 227 2175 alia
240 2113 338 2175 adhuc
348 2114 541 2192 cosmogonia
550 2115 752 2174 annuntiatur.

175 2200 363 2259 Documenta
382 2214 456 2258 vero
472 2215 491 2258 a
506 2199 611 2276 hloysc
624 2199 656 2257 in
673 2198 797 2257 Genesii
818 2205 959 2258 contexta
983 2214 1081 2260 arem

139 2284 318 2359 antiquitate
328 2284 440 2362 scripta
448 2282 540 2343 fuisse
550 2290 684 2362 oportet,
696 2301 763 2343 eum
775 2285 806 2343 in
819 2285 871 2357 iis,
884 2286 990 2346 saltem
1000 2303 1081 2364 usquc

139 2370 248 2428 teriam
265 2368 448 2440 Abraham,
460 2386 511 2430 res
528 2369 770 2431 abstractissimae
786 2372 876 2431 modo
889 2380 950 2432 tam
965 2374 1081 2434 sensihi

140 2471 199 2532 que
208 2454 365 2514 hominum
374 2455 476 2535 captui
486 2457 725 2529 accommodato,
736 2466 958 2539 proponantur,
975 2466 1009 2518 ut
1022 2459 1081 2521 hon

140 2556 205 2599 aevo
219 2539 380 2600 admodum
396 2540 488 2601 rudes
501 2541 599 2602 adhuc
616 2543 708 2603 fnisse
725 2544 881 2622 adpareat,
901 2553 990 2622 atque
1004 2545 1081 2608 hace

137 2627 204 2688 Deo
216 2633 262 2686 tot
272 2627 474 2687 attribuuntur
481 2626 724 2708 anthropopathos,
738 2636 773 2690 ut
784 2631 864 2692 Gen.
877 2634 915 2709 (c.
927 2633 941 2691 l
954 2674 962 2701 ,
974 2633 1009 2702 5,
1023 2634 1072 2706 26;

137 2714 192 2774 ubi
206 2713 332 2786 dicitur,
345 2715 442 2774 Deum
457 2716 622 2793 penituisse
637 2717 715 2795 qood
730 2717 872 2777 hominem
886 2717 1016 2794 &cesten
1028 2737 1081 2801 cap

139 2790 194 2860 uhi
207 2799 335 2880 legitur,
345 2801 443 2863 Deum
455 2801 645 2874 deseendtsee,
654 2811 686 2866 ct
698 2804 805 2864 videret
812 2804 955 2866 civitatem
968 2816 994 2868 ct
1008 2811 1081 2870 turri

139 2886 245 2960 licam,
268 2893 328 2949 etc.

383 3005 494 3088 Slvs‘-
503 3022 601 3073 Errores
612 3021 676 3074 circo
687 3023 785 3074 etatem
794 3024 965 3076 Pentateuchi.

176 3152 227 3213 79.
248 3151 375 3235 Spinosa
393 3157 507 3235 primus
526 3157 599 3229 tuit,
618 3159 671 3236 qui
692 3158 789 3237 Moysi
803 3160 1044 3222 pentateuchum
1058 3163 1081 3224 al

138 3255 225 3301 ausus
244 3248 298 3301 est.
321 3243 472 3304 inereduli
489 3246 586 3304 nostri
602 3247 677 3314 aevi,
689 3246 743 3322 qui
755 3246 949 3326 probationes
962 3249 1081 3311 Authen

137 3326 333 3387 Pentateuchi
344 3330 516 3407 expendere
526 3328 605 3390 haud
620 3329 738 3408 dignati
748 3338 828 3402 sunt,
842 3333 954 3410 quique
966 3336 1080 3413 parade

137 3418 288 3489 tamquam
305 3429 342 3472 ex
356 3414 490 3492 Tripode
502 3414 649 3495 Delphico
664 3418 834 3497 proferunt,
848 3420 910 3478 ulla
925 3422 1081 3500 probation

137 3515 205 3559 rare
226 3501 442 3576 nequivemnt‚
463 3500 675 3575 adseruerunt,
696 3506 933 3566 Pentateuchum
954 3510 1079 3571 nomine

137 3582 297 3646 confictum
307 3583 399 3646 fuisse
411 3584 449 3645 ab
463 3585 573 3656 Esdra,
588 3589 640 3667 qui
651 3597 719 3670 post
731 3591 856 3651 exilium
868 3592 1081 3672 babylonicum

136 3671 233 3748 Quam
244 3670 339 3732 futilis
349 3687 423 3732 vero
436 3671 501 3733 haec
514 3676 644 3752 gratuita
653 3676 784 3737 adsertio
794 3679 933 3757 sit,patet
945 3684 1081 3760 enseque

175 3757 206 3817 l⁰
219 3759 319 3819 Josuae
333 3757 415 3845 enim
428 3758 443 3816 l
454 3802 462 3829 ,
472 3758 538 3830 ld,
545 3758 607 3837 jam
619 3759 653 3822 lit
664 3764 778 3824 mentio
792 3764 830 3824 de
840 3764 1045 3828 Pentateucho
1058 3789 1081 3828 ιι

138 3860 155 3899 o
169 3841 244 3912 dias,
267 3840 313 3902 ibi
332 3841 459 3913 dicitm,
473 3852 504 3906 et
515 3844 614 3920 Qtaoias
624 3864 752 3919 xomnem
763 3849 877 3926 legem,
890 3868 979 3928 quam
991 3854 1048 3913 tibi
1062 3873 1081 3935 p

140 3925 291 4071 »ἒὲὲγεθε
303 3943 407 3991 servus
417 3945 535 3991 meus...
549 3947 611 3994 non
622 3935 747 3996 recedat
757 3936 900 3998 volumen
911 3938 988 4018 legis
1000 3938 1081 4019 huju

139 4026 157 4068 ι
221 4030 260 4071 ‚a

176 4095 411 4201 2⁰1n'omnims
426 4099 514 4172 libris
528 4101 736 4193 Pentateucho
747 4108 963 4196 posteripribus
974 4109 1081 4198 legisn
