2708 4846
142 440 186 490 rso
515 410 523 421 ”
543 440 586 489 uu
606 437 808 490 auruunrra

139 526 263 593 natione
277 532 315 594 de
325 533 487 595 venenosis
498 534 685 612 serpentium
698 529 859 601 morsibus,
872 530 963 591 aneo
977 528 1011 589 ln
1021 526 1212 610 punitionem

139 618 267 693 positive
281 618 492 690 immissorum,
507 619 605 679 sanari
615 618 802 698 potuissent?

175 704 206 764 2⁰
223 705 409 783 Adspectmu
428 704 517 782 hujus
537 704 686 783 serpentis
699 720 767 765 eum
779 700 889 764 fiducia
907 700 1212 783 recuperandaesani·

139 790 208 851 tatis
217 790 328 851 cultum
339 790 445 863 luisse,
459 791 616 853 averitate
629 788 845 850 alienissimum
856 795 916 861 est;
927 788 1073 850 lsraelirae
1082 790 1213 869 allapso

139 877 239 938 edocti
260 878 391 951 luerent,
411 879 501 940 istum
521 884 694 958 serpentem
711 875 774 937 vim
791 876 918 938 sanandi
930 894 992 939 nou
1004 875 1139 951 habere,
1156 876 1208 941 aed

138 966 233 1025 Deum
244 964 282 1026 ad
295 965 375 1027 illius
386 964 561 1044 adspectum
572 964 730 1024 sanitatem
741 962 880 1025 reddere.

173 1050 205 1110 5⁰
218 1051 279 1112 Sub
301 1051 430 1112 Ezechia
442 1067 516 1129 rege
533 1058 633 1111 autom
644 1048 745 1110 ludaei
763 1055 936 1128 serpentem
946 1047 1038 1111 istum
1048 1054 1085 1111 ut
1100 1049 1202 1112 idolum

138 1134 305 1208 lrabebant3
318 1154 411 1215 quare
422 1136 566 1199 Ezechias
574 1136 682 1197 merito
693 1136 778 1195 illum
789 1135 902 1196 destrui
911 1132 1010 1212 jussit.

172 1222 204 1281 [ι’
218 1221 354 1285 Christus
367 1224 473 1298 (Joan.
482 1223 512 1296 5,
524 1221 574 1301 ll)
594 1222 711 1283 dixerat
724 1241 731 1280 :
746 1242 762 1278 u
775 1222 859 1282 Sicut
868 1221 988 1300 Moyses
1001 1221 1202 1287 exaltavitur

138 1328 154 1366 u
166 1315 290 1386 pentem
299 1308 330 1368 in
340 1308 460 1370 deserto
475 1328 483 1368 :
498 1309 540 1368 ita
551 1308 675 1370 exaltari
684 1313 804 1389 oportet
816 1304 910 1366 filiurn
922 1306 1065 1380 hominis,
1076 1309 1201 1371 utomuia

139 1415 154 1451 n
167 1396 219 1473 qui
237 1392 336 1455 credit
356 1394 387 1453 in
409 1411 478 1453 curn
495 1412 557 1454 non
575 1401 696 1474 pereat,
714 1393 769 1455 sed
785 1392 898 1454 habeat
914 1393 1009 1453 vitam
1027 1401 1201 1457 aetemmr

138 1481 217 1542 llinc
244 1495 368 1558 serpens
396 1496 498 1540 aeneus
525 1480 695 1558 symbolmu
720 1480 778 1540 luit
801 1476 1089 1541 Christi-crucifixi.
1113 1481 1201 1561 Qum

138 1567 256 1646 quaudo
269 1568 370 1628 medio
393 1584 457 1628 aevo
474 1566 620 1627 Ecclesiae
637 1567 780 1645 mysteria
792 1565 938 1646 passionis
955 1568 1203 1648 repraesentabu-

138 1662 202 1725 tur,
223 1655 432 1735 exponebatur
451 1671 576 1732 serpeus
599 1669 701 1714 aeneus
722 1652 762 1712 ob
783 1652 960 1713 allusionem
973 1652 1014 1712 ad
1025 1652 1111 1715 dicta
1121 1652 1202 1715 verba

138 1741 262 1804 Christi.
277 1742 365 1820 Quod
377 1743 512 1823 prolecto
528 1760 589 1803 non
600 1749 645 1802 est
655 1741 767 1801 cultum
780 1741 911 1819 aliquem
919 1739 971 1800 isti
983 1740 1121 1823 serpenti
1132 1740 1203 1803 enhl

138 1827 222 1889 bere.
236 1827 356 1907 Aliquis
372 1846 497 1908 serpens
509 1845 611 1889 aeneus
627 1824 800 1887 ads'eruatus
811 1826 867 1885 luit
878 1826 910 1885 in
925 1824 1057 1887 ecclesia
1068 1824 1203 1887 modiola·

138 1915 225 1976 nensi
244 1915 275 1975 in
285 1923 511 1976 monumentum
520 1915 640 1994 pristini
651 1932 729 1985 usus,
741 1932 801 1975 non
814 1912 930 1974 veroin
942 1910 1201 1991 objectumcultn.

138 2007 226 2076 prout
237 2018 395 2079 perperam
407 2002 589 2062 existimarit
599 1999 638 2060 cl.
649 2000 800 2061 Prideaun
810 1999 900 2078 (Hist.
911 1999 965 2060 des
974 1998 1064 2071 Juils,
1075 1998 1201 2075 etih

174 2085 329 2146 Absolutis
339 2087 571 2162 quaestionibus,
584 2102 652 2162 quae
667 2084 726 2145 hoc
743 2093 845 2146 nostro
864 2102 929 2145 aevo
949 2085 1041 2147 nobis
1050 2084 1203 2149 tractanda

139 2170 211 2231 uisae
230 2178 314 2243 sunt,
335 2172 373 2232 ad
385 2179 511 2232 caeteros
529 2171 626 2232 libros
647 2188 748 2233 sacros
766 2172 879 2234 veteris
896 2171 1034 2234 Foederis
1044 2172 1201 2236 transimus

564 2411 717 2474 8ΕοἩο
738 2414 787 2475 ll.

520 2546 565 2595 nn
587 2548 693 2596 urano
714 2550 828 2598 rosus.

389 2732 524 2803 gxxxlll.
536 2761 566 2775 —
576 2737 671 2800 Lingua
682 2750 709 2789 et
718 2741 803 2789 auctor
811 2739 870 2790 libri
880 2738 964 2792 iosue.¹

177 2855 247 2910 leo.
260 2852 353 2912 liber
367 2855 460 2914 Josue
472 2854 600 2934 scriptus
615 2856 671 2915 luit
683 2855 827 2916 idiomate
843 2856 1004 2932 hebraico,
1018 2874 1037 2921 a
1051 2858 1204 2927 chaldaicis

139 2947 170 2999 ct
179 2938 398 2999 recentioribus
410 2939 511 3001 verbis
522 2948 673 3020 exempto.

176 3028 246 3081 tal.
270 3045 286 3081 r<
302 3026 390 3086 Docti
403 3043 464 3085 non
484 3028 685 3101 conveniunt,
700 3049 716 3085 u
732 3029 776 3090 ait
795 3047 864 3091 eum
875 3029 942 3091 aliis
963 3031 1002 3092 cl.
1023 3033 1134 3114 Lamy,
1148 3034 1205 3097 «dc

141 3120 292 3174 »auctore
321 3112 394 3172 libri
419 3116 522 3175 Josue,
549 3116 691 3175 Nonnulli
718 3117 860 3191 eredunt,
881 3119 978 3199 ipsum
1002 3124 1128 3187 nonnisi
1147 3128 1205 3207 post

140 3219 155 3255 u
168 3216 295 3277 regnum
308 3199 475 3259 Salomonis
485 3199 575 3260 nisse
586 3208 738 3261 exaratum
752 3202 774 3263 ¹.
788 3223 803 3259 u

174 3284 235 3343 Alii
249 3283 360 3342 librum
375 3282 454 3342 hunc
477 3285 535 3361 ipsi
553 3286 654 3345 Josuae
670 3286 861 3360 adscribunt:
877 3289 930 3350 sed
944 3290 1121 3368 admittunt,
1137 3310 1207 3357 non·

136 3370 218 3429 nulla
231 3368 277 3427 illi
290 3367 329 3426 ab
341 3367 399 3426 alio
411 3367 616 3446 hagiographo
630 3369 732 3432 addita
744 3390 824 3445 esso,
836 3382 869 3434 ut
878 3384 1004 3436 mortem
1021 3382 1141 3453 Josuae,
1153 3386 1206 3443 ete.

138 3458 170 3516 ln
183 3454 375 3533 probationes
387 3452 528 3531 adlegant
540 3471 549 3513 :

174 3540 204 3600 l⁰
218 3539 383 3600 Puritatem
397 3539 509 3616 linguae
523 3539 687 3615 hebraice,
701 3546 830 3607 averbls
841 3548 966 3610 exoticis
981 3550 1141 3628 immunis,
1154 3568 1208 3634 qut

136 3628 215 3688 liber
226 3627 353 3703 scriptus
362 3625 427 3685 luit.

171 3714 202 3773 Ψ
215 3712 304 3792 Quod
314 3731 340 3773 c.
352 3712 386 3772 hl
398 3757 406 3784 ‚
417 3710 453 3773 26
464 3711 580 3775 dicatur
587 3718 724 3791 desuem,
736 3736 802 3797 quae
813 3720 856 3781 ibi
867 3729 1032 3798 narrantur,
1043 3724 1126 3790 libro
1135 3726 1210 3811 tegis

135 3799 466 3878 mosaicae‚·adjecisse;
479 3808 512 3859 ut
526 3803 601 3862 adeo
618 3801 697 3862 liber
711 3807 803 3866 Josue
814 3806 853 3866 sit
863 3809 1049 3871 continuatio
1062 3812 1211 3876 Deutero-

136 3885 240 3945 nomii.
251 3886 365 3946 Verum
375 3885 442 3947 loco
456 3884 512 3946 isto
522 3906 583 3948 non
596 3888 635 3950 de
651 3888 731 3950 libro
748 3894 855 3966 Josue,
868 3893 922 3955 sed
935 3894 973 3956 dc
985 3896 1050 3959 sola
1060 3908 1211 3963 restam·

137 3968 219 4029 tione
228 3970 348 4033 loederis
361 3988 458 4033 sermo
470 3981 523 4034 est.

167 4068 261 4138 ¹Lanry
271 4088 279 4125 a
289 4080 394 4140 Apparet
405 4080 468 4131 dela
479 4080 561 4143 niolo,
572 4096 598 4145 p.
608 4082 667 4146 ³83,
676 4083 757 4148 Pesla,
768 4083 836 4135 lost.
