2708 4846
206 494 250 543 os
269 492 490 559 restruere,
510 499 695 546 uranonuu
716 499 915 549 sacnonuu.
1062 494 1108 552 tet

104 608 158 651 arn
171 589 328 650 hebraeam
341 605 407 650 esse
419 589 554 670 linguam
567 597 831 669 protoparentum,
853 592 1010 653 adstruunt
1025 594 1109 656 illam

104 683 315 737 conservatam
328 674 418 736 luisse
429 677 584 736 iniamilia
596 699 634 726 τον
645 677 766 749 Heben,
787 686 878 755 atque
893 679 934 739 ita
953 681 1108 742 transiisse

104 761 281 821 brahamum
289 761 413 838 ejusque
426 769 574 841 posteros.
587 763 649 839 Qui
660 761 693 823 id
705 770 838 843 negant,
857 765 941 826 aiunt
956 784 963 822 :

104 848 175 910 steri
186 847 353 917 mHeber,
368 848 421 926 qui
433 856 503 908 sunt
515 849 682 910 Abrahami
695 851 840 930 majores,
851 851 915 911 nati
929 860 960 912 et
973 868 1108 912 commo⁴

104 941 160 995 unt
173 935 206 995 in
221 933 380 1004 Chaldaeo,
394 934 449 994 ubi
463 935 578 995 cultum
594 937 661 996 veri
678 937 735 996 Dei
749 937 966 1007 deseruerunt,
982 947 1013 998 et
1025 938 1107 999 idola

106 1028 198 1080 runt:
217 1023 310 1080 Trous
320 1019 441 1096 flumem
455 1020 674 1102 (Euphratem)
689 1023 731 1082 ait
746 1025 839 1082 Josue
856 1024 980 1082 nomine
991 1024 1049 1083 Dei
1063 1026 1107 1084 is-

104 1106 149 1176 is,
164 1105 364 1166 habitaverant
373 1114 475 1184 potres
484 1108 576 1166 vestri
589 1108 625 1166 ob
642 1108 739 1176 initio,
753 1107 846 1167 There
856 1115 943 1186 poter
954 1107 1107 1168 Abrohom

104 1190 178 1252 ebor
191 1211 200 1250 :
214 1192 427 1270 servieruntque
440 1191 611 1253 discutiente
625 1188 708 1270 (los.¹
722 1193 773 1264 at,
786 1194 835 1275 2).
849 1193 927 1255 Cum
938 1194 1051 1255 familia
1068 1223 1107 1254 m

104 1298 112 1312 ·
133 1280 168 1339 in
178 1280 397 1359 Mesopotamia
410 1280 492 1340 inter
504 1275 665 1342 Chaldaeos
678 1290 916 1343 commoraretur
928 1278 1068 1359 (Genii
1077 1283 1104 1363 )‚

104 1365 231 1426 ridubio
244 1383 348 1426 eorum
364 1366 469 1446 lingua
479 1384 532 1428 usa
545 1373 608 1437 est,
621 1368 876 1446 quemadmodum
889 1367 1010 1430 deserto
1023 1369 1107 1430 cultu

104 1452 155 1512 bei
168 1452 301 1530 ipsorum
313 1452 517 1513 idololatriam
530 1461 633 1515 secuta
639 1462 698 1526 est,
714 1461 746 1514 et
757 1471 844 1516 secus
857 1455 1106 1533 cumillisnequi-

104 1539 283 1601 commorari
295 1557 331 1600 ac
343 1541 518 1601 conversari
535 1542 692 1620 potuisset.
709 1542 825 1602 Verum
850 1548 896 1603 est
917 1550 1054 1622 posteros
1064 1573 1104 1601 eo

104 1701 152 1750 rias
167 1701 267 1750 hebreo
283 1702 344 1760 isch,
360 1703 426 1764 quod
440 1705 479 1752 sir
493 1704 572 1754 sonat.
588 1705 683 1753 Nomen
699 1707 765 1753 Eun
780 1704 897 1753 hebraice
912 1704 1034 1766 significat
1047 1708 1106 1756 deli-

104 1784 113 1808 ὓ

104 1774 177 1891 ltcuut
189 1842 371 1904 antiquissimos
385 1845 490 1905 populos
503 1845 614 1905 elinque
630 1845 728 1893 hebrea
743 1857 816 1893 suum
830 1856 921 1892 nomen
931 1845 1061 1906 derivare,
1076 1849 1105 1895 ui

104 1926 126 1962 oa
136 1912 168 1960 ab
178 1913 266 1970 Assur,
277 1913 399 1962 Aremoeos
415 1914 446 1961 ab
456 1915 547 1973 Aram,
559 1918 644 1976 lydios
658 1928 673 1962 a
688 1916 748 1972 dud,
759 1917 808 1963 etc.
820 1915 920 1964 Addunt
933 1917 1010 1964 multa
1027 1917 1105 1966 idolo-

104 1983 155 2041 ltc,
170 1982 270 2029 nomina
286 1982 407 2043 originem
423 1996 493 2031 suam
508 1982 631 2033 deducere
643 1997 657 2032 e
669 1982 753 2044 linqua
763 1984 894 2045 hebraica,
909 1997 935 2033 r.
944 1998 981 2045 gr.
996 1989 1105 2035 loeeeaa

104 2051 133 2109 d,
141 2051 225 2100 &iuss
235 2053 327 2110 altari,
339 2055 447 2101 Cererem
457 2066 471 2101 a
483 2054 563 2112 Gerra,
574 2067 629 2115 quas
646 2065 696 2101 vox
706 2053 823 2103 hebraica
838 2056 929 2118 fractus
944 2058 1014 2104 terre
1027 2057 1105 2118 siqni-

104 2123 209 2182 rmum
219 2121 359 2169 Promethei
370 2123 467 2182 patrem
482 2124 591 2184 alupbet
599 2124 686 2172 ltoemi
696 2123 761 2183 illio,
773 2126 822 2172 etc.

104 2191 161 2240 iuni
175 2191 286 2250 linquam
304 2191 429 2239 hebraeam
447 2204 500 2240 ease
520 2194 631 2241 ornuium
651 2192 874 2253 simplicissimam,
893 2195 1104 2254 proportionatam

104 2258 126 2308 ic
146 2259 299 2321 simplicitati
322 2261 457 2320 primorum
475 2261 617 2322 hominum,
637 2261 681 2324 qui
700 2261 733 2309 ad
754 2262 946 2323 exprimendum
967 2264 1044 2311 animi
1064 2267 1105 2315 sui

104 2338 148 2387 ua,
158 2327 282 2376 etuaturae
292 2327 454 2386 phanonem
465 2341 538 2377 voees
548 2331 574 2378 st
584 2331 653 2390 siqua
660 2329 843 2390 simplicissima
853 2331 1030 2382 adhibuerunt.

104 2395 192 2445 audem
202 2396 331 2444 adstruunt
341 2408 391 2444 non
401 2399 574 2448 solumomnes
582 2400 680 2462 linguas
691 2400 835 2462 orientales,
851 2399 895 2449 ssd
909 2402 936 2448 et
948 2414 1033 2451 omnes
1043 2402 1103 2453 alias

104 2478 140 2514 aa
150 2466 235 2526 linqua
246 2466 361 2514 hebraica
373 2467 492 2517 derivari.

113 2536 269 2595 propugnant
284 2535 394 2594 linquam
408 2535 560 2584 chaldaicam
576 2549 629 2586 esse
640 2537 856 2598 'antiquissimam
866 2540 947 2599 primo
958 2544 1104 2600 argumento

104 2602 183 2664 edent,
203 2603 303 2650 nomina
323 2603 370 2652 ista
391 2605 436 2651 aut
456 2615 489 2650 ex
508 2604 591 2664 linqua
612 2605 739 2665 primitiva
761 2606 788 2652 in
808 2606 892 2665 linqua
910 2607 1027 2655 hebraica
1045 2623 1105 2658 cou-

104 2670 217 2732 aiulsse‚
233 2675 277 2719 aut
288 2672 330 2720 ilia
347 2672 460 2720 eamdem
471 2672 651 2720 derivationem
663 2674 690 2719 iu
703 2672 787 2732 lingua
803 2673 929 2721 chaldaica
942 2675 1050 2737 habere,
1060 2682 1105 2728 aut

104 2739 230 2801 emtique
244 2741 440 2789 Paniarchamm
451 2741 550 2788 nomina
559 2741 676 2788 hebraica
687 2740 838 2799 reddidiaae3
849 2742 962 2801 Aquilam
975 2742 1009 2789 ita
1018 2743 1106 2794 imita·

104 2809 262 2858 >allusionem
271 2822 326 2869 que
337 2812 375 2858 est
389 2809 457 2857 inter
468 2810 550 2857 virum
564 2810 591 2856 et
604 2811 735 2857 mulierem
751 2809 777 2855 iu
792 2808 893 2856 vocibus
909 2810 1033 2859 hebraicis
1051 2816 1103 2862 lach

104 2880 142 2936 ia,
157 2878 298 2927 adhibuisse
316 2891 390 2928 voces
405 2876 497 2939 Ἀνδρις,
515 2880 611 2937 Andria,
630 2880 656 2927 ct
670 2877 748 2938 Ἀνηρ,
764 2878 838 2938 Arsen
854 2881 981 2927 auctorem
992 2880 1103 2942 rugata

104 2948 186 2999 lecim
195 2948 288 2997 utendo
298 2949 439 2997 nominibus
448 2952 531 3010 otroqo
540 2948 566 2996 et
575 2951 625 3009 sir,·
633 2948 757 3009 syriacum
767 2947 860 3009 Kephas
870 2947 905 2996 ita
916 2951 1038 2999 mutatum
1049 2965 1103 3003 esse

104 3019 161 3066 rurs
178 3015 211 3065 ad
225 3017 416 3065 conservandam
434 3016 639 3078 significationem
656 3015 722 3064 roeia
736 3016 849 3076 Kephas,
867 3017 893 3064 et
906 3019 1053 3067 allusionem
1071 3024 1103 3070 ad

104 3099 111 3135 t
132 3083 228 3148 (uren
253 3086 291 3146 re,
317 3086 372 3147 tau
401 3087 465 3134 Lxx
487 3087 636 3146 interpretes
658 3095 749 3132 nomeu
770 3083 844 3131 estet
864 3097 942 3143 qraece
966 3087 1102 3138 reddidisse

104 3168 184 3215 m,
199 3157 315 3217 syuqese,
328 3168 382 3216 quaa
393 3168 443 3204 vox
457 3168 550 3217 praece,
565 3156 593 3203 ut
608 3154 684 3202 Babei
701 3153 832 3214 hebraice,
847 3152 968 3212 sanificat
986 3158 1103 3216 masurio»

104 3224 149 3273 etc.
171 3225 219 3271 ste.
719 3239 725 3254 ·

104 3291 192 3341 sadum
208 3292 384 3353 Argumentum
402 3292 472 3341 aiunt
487 3292 518 3340 ad
536 3303 659 3340 summum
673 3291 778 3352 probare
792 3290 876 3351 aliqua
889 3290 991 3338 nomina
1009 3291 1102 3353 lingum

104 3360 154 3410 iva
170 3360 196 3409 in
211 3360 294 3421 linqua
312 3361 427 3409 hebraica
438 3361 580 3409 conservata
591 3373 661 3420 esas3
673 3360 789 3408 casterurn
803 3359 863 3407 istas
879 3358 1044 3407 derivationes
1057 3371 1103 3408 no-

104 3430 282 3493 lpopulorum,
293 3432 352 3490 etc,
363 3442 416 3478 esse
427 3429 568 3478 arbitrariae
579 3430 605 3477 et
619 3429 743 3490 incertas,
759 3428 819 3477 etsi
835 3427 910 3476 etiam
925 3427 1014 3489 aliquas
1029 3433 1102 3477 certae

106 3498 182 3561 ‚ilias
199 3499 328 3547 innume
338 3500 482 3560 probaturae
496 3500 592 3547 Grecos
607 3498 718 3560 aliosque
738 3498 841 3560 populos
856 3496 971 3557 antiquos
984 3499 1102 3546 nonnulla

104 3567 211 3617 iasaeris
221 3568 380 3616 Hebraeorum
390 3568 579 3628 deprompsisse.

104 3636 205 3687 mum
221 3637 307 3685 dicunt
321 3637 506 3697 simplicitatem
521 3637 612 3697 linguas
626 3636 750 3685 hebraicas
763 3635 858 3684 tautam
875 3646 924 3682 non
940 3647 993 3683 esse
1011 3637 1103 3696 quanta

104 3704 158 3766 tau
169 3705 286 3753 ceterum
304 3704 488 3765 simplicitatem
499 3704 603 3762 alicujus
617 3704 707 3763 linqua
725 3715 775 3751 nou
785 3715 839 3751 esse
851 3705 935 3750 notam
947 3702 1039 3751 certam
1049 3702 1104 3763 elus

104 3773 183 3825 latta
192 3774 303 3822 'landem
313 3774 335 3822 si
347 3774 438 3834 linquas
448 3773 570 3821 hebraicae
581 3771 725 3833 simplicitas
735 3772 802 3819 uum
814 3771 893 3832 esset,
904 3771 947 3819 rix
960 3772 1105 3820 conciliare-

104 3842 255 3906 ahypothesi
266 3843 333 3905 quod
342 3844 374 3891 sit
383 3843 469 3905 lingua
480 3843 697 3904 protoparentum,
708 3852 766 3889 cum
778 3839 901 3888 inlusione
912 3840 1004 3900 lingum
1016 3841 1104 3902 primi·

104 3908 185 3961 Mo
194 3909 268 3960 lacta.

107 3981 225 4044 μήπω
245 3980 396 4041 respondent
412 3979 565 4029 adfinitatem
586 3980 678 4040 linguae
701 3976 848 4036 chaldaica,
866 3976 983 4037 arabica,
1003 3977 1103 4040 phoeni·

104 4048 157 4110 lta,
166 4058 224 4098 enm
233 4048 332 4096 hebraea
342 4047 494 4097 solummodo
502 4048 618 4095 evincere
629 4045 695 4107 quod
704 4045 754 4093 sint
764 4044 863 4092 dialecti
875 4044 986 4104 eiusdem
997 4046 1102 4110 linquae,

104 4128 171 4182 quam
179 4117 322 4167 hebraicam
332 4116 427 4179 pariter
437 4117 571 4166 disiectum
582 4128 635 4165 esse
647 4127 717 4177 posse
728 4114 838 4173 eiusdem
849 4112 948 4176 linquar.
