<?xml version="1.0" encoding="UTF-8"?>
<!DOCTYPE html PUBLIC "-//W3C//DTD XHTML 1.0 Transitional//EN"
    "http://www.w3.org/TR/xhtml1/DTD/xhtml1-transitional.dtd">
<html xmlns="http://www.w3.org/1999/xhtml" xml:lang="en" lang="en">
 <head>
  <title>
</title>
<meta http-equiv="Content-Type" content="text/html;charset=utf-8" />
  <meta name='ocr-system' content='tesseract 3.04.00' />
  <meta name='ocr-capabilities' content='ocr_page ocr_carea ocr_par ocr_line ocrx_word'/>
</head>
<body>
  <div class='ocr_page' id='page_1' title='image "./hermeneuticasac00jansgoog_0418.png"; bbox 0 0 2708 4846; ppageno 0'>
   <div class='ocr_carea' id='block_1_1' title="bbox 112 561 1226 741">
    <p class='ocr_par' dir='ltr' id='par_1_1' title="bbox 112 561 1226 741">
     <span class='ocr_line' id='line_1_1' title="bbox 477 561 1226 618; baseline 0.013 -10"><span class='ocrx_word' id='word_1_1' title='bbox 477 561 667 611; x_wconf 82' lang='lat' dir='ltr'><strong>utenonuu</strong></span> <span class='ocrx_word' id='word_1_2' title='bbox 683 563 887 614; x_wconf 72' lang='lat' dir='ltr'><strong>secuerunt.</strong></span> <span class='ocrx_word' id='word_1_3' title='bbox 1181 564 1226 618; x_wconf 74' lang='lat' dir='ltr'><strong>tot</strong></span> 
     </span>
     <span class='ocr_line' id='line_1_2' title="bbox 112 647 1225 741; baseline 0.012 -30"><span class='ocrx_word' id='word_1_4' title='bbox 112 708 120 741; x_wconf 40' lang='lat'><strong><em>⁴</em></strong></span> <span class='ocrx_word' id='word_1_5' title='bbox 142 659 201 711; x_wconf 90' lang='lat' dir='ltr'><strong>tum</strong></span> <span class='ocrx_word' id='word_1_6' title='bbox 214 647 253 712; x_wconf 89' lang='lat' dir='ltr'><strong>ad</strong></span> <span class='ocrx_word' id='word_1_7' title='bbox 268 658 385 712; x_wconf 84' lang='lat' dir='ltr'><strong>texttun</strong></span> <span class='ocrx_word' id='word_1_8' title='bbox 398 651 595 732; x_wconf 80' lang='lat' dir='ltr'><strong>originarium</strong></span> <span class='ocrx_word' id='word_1_9' title='bbox 606 655 841 728; x_wconf 87' lang='lat' dir='ltr'><strong>recurrendmn,</strong></span> <span class='ocrx_word' id='word_1_10' title='bbox 854 658 1057 738; x_wconf 81' lang='lat' dir='ltr'>melioresque</span> <span class='ocrx_word' id='word_1_11' title='bbox 1069 659 1225 724; x_wconf 76' lang='lat' dir='ltr'>versiones</span> 
     </span>
    </p>
   </div>
   <div class='ocr_carea' id='block_1_2' title="bbox 136 739 1224 993">
    <p class='ocr_par' dir='ltr' id='par_1_2' title="bbox 136 739 1224 993">
     <span class='ocr_line' id='line_1_3' title="bbox 139 739 1222 826; baseline 0.01 -29"><span class='ocrx_word' id='word_1_12' title='bbox 139 739 330 818; x_wconf 89' lang='lat' dir='ltr'><strong>potissimum</strong></span> <span class='ocrx_word' id='word_1_13' title='bbox 351 739 572 819; x_wconf 88' lang='lat' dir='ltr'><strong>antiquissimas</strong></span> <span class='ocrx_word' id='word_1_14' title='bbox 592 757 695 801; x_wconf 91' lang='lat' dir='ltr'><strong>secum</strong></span> <span class='ocrx_word' id='word_1_15' title='bbox 709 742 907 804; x_wconf 85' lang='lat' dir='ltr'><strong>conterendas</strong></span> <span class='ocrx_word' id='word_1_16' title='bbox 921 761 1001 816; x_wconf 89' lang='lat' dir='ltr'><strong>esse,</strong></span> <span class='ocrx_word' id='word_1_17' title='bbox 1016 763 1117 825; x_wconf 90' lang='lat' dir='ltr'><strong>perse</strong></span> <span class='ocrx_word' id='word_1_18' title='bbox 1129 757 1222 826; x_wconf 90' lang='lat' dir='ltr'><strong>patet.</strong></span> 
     </span>
     <span class='ocr_line' id='line_1_4' title="bbox 138 825 1224 904; baseline 0.007 -17"><span class='ocrx_word' id='word_1_19' title='bbox 138 828 180 887; x_wconf 90' lang='lat' dir='ltr'><strong>At</strong></span> <span class='ocrx_word' id='word_1_20' title='bbox 189 825 341 904; x_wconf 76' lang='lat' dir='ltr'>Imprimis</span> <span class='ocrx_word' id='word_1_21' title='bbox 352 825 509 885; x_wconf 89' lang='lat' dir='ltr'><strong>sciendum</strong></span> <span class='ocrx_word' id='word_1_22' title='bbox 522 834 567 888; x_wconf 89' lang='lat' dir='ltr'><strong>est</strong></span> <span class='ocrx_word' id='word_1_23' title='bbox 579 843 669 904; x_wconf 89' lang='lat' dir='ltr'><strong>quam</strong></span> <span class='ocrx_word' id='word_1_24' title='bbox 678 829 888 889; x_wconf 89' lang='lat' dir='ltr'><strong>auctoritatem</strong></span> <span class='ocrx_word' id='word_1_25' title='bbox 899 829 996 892; x_wconf 88' lang='lat' dir='ltr'><strong>adbuc</strong></span> <span class='ocrx_word' id='word_1_26' title='bbox 1008 831 1224 896; x_wconf 85' lang='lat' dir='ltr'><strong>habeattextus</strong></span> 
     </span>
     <span class='ocr_line' id='line_1_5' title="bbox 136 913 1011 993; baseline 0.006 -21"><span class='ocrx_word' id='word_1_27' title='bbox 136 913 321 993; x_wconf 91' lang='lat' dir='ltr'><strong>primitivus,</strong></span> <span class='ocrx_word' id='word_1_28' title='bbox 336 918 368 972; x_wconf 92' lang='lat' dir='ltr'><strong>et</strong></span> <span class='ocrx_word' id='word_1_29' title='bbox 380 929 517 990; x_wconf 78' lang='lat' dir='ltr'><strong>quaenam</strong></span> <span class='ocrx_word' id='word_1_30' title='bbox 529 914 589 973; x_wconf 90' lang='lat' dir='ltr'><strong>sint</strong></span> <span class='ocrx_word' id='word_1_31' title='bbox 602 913 738 974; x_wconf 89' lang='lat' dir='ltr'><strong>melioris</strong></span> <span class='ocrx_word' id='word_1_32' title='bbox 750 922 829 974; x_wconf 80' lang='lat' dir='ltr'><strong>uotae</strong></span> <span class='ocrx_word' id='word_1_33' title='bbox 843 917 1011 978; x_wconf 80' lang='lat' dir='ltr'><strong>versiones.</strong></span> 
     </span>
    </p>
   </div>
   <div class='ocr_carea' id='block_1_3' title="bbox 136 1049 1224 1171">
    <p class='ocr_par' dir='ltr' id='par_1_3' title="bbox 136 1049 1224 1171">
     <span class='ocr_line' id='line_1_6' title="bbox 136 1049 1224 1170; baseline 0.011 -72"><span class='ocrx_word' id='word_1_34' title='bbox 136 1049 230 1116; x_wconf 65' lang='grc' dir='ltr'><strong>ΜΠ.</strong></span> <span class='ocrx_word' id='word_1_35' title='bbox 241 1074 272 1088; x_wconf 91' lang='grc'>-</span> <span class='ocrx_word' id='word_1_36' title='bbox 281 1050 375 1099; x_wconf 87' lang='lat' dir='ltr'><strong>&#39;icxtus</strong></span> <span class='ocrx_word' id='word_1_37' title='bbox 385 1050 502 1099; x_wconf 79' lang='lat' dir='ltr'><strong>iicbrees</strong></span> <span class='ocrx_word' id='word_1_38' title='bbox 517 1051 611 1100; x_wconf 87' lang='lat' dir='ltr'><strong>veteris</strong></span> <span class='ocrx_word' id='word_1_39' title='bbox 626 1052 736 1170; x_wconf 54' lang='lat' dir='ltr'><strong>Foedgps</strong></span> <span class='ocrx_word' id='word_1_40' title='bbox 750 1053 831 1103; x_wconf 87' lang='lat' dir='ltr'><strong>adhue</strong></span> <span class='ocrx_word' id='word_1_41' title='bbox 843 1054 925 1114; x_wconf 88' lang='lat' dir='ltr'><strong>quoad</strong></span> <span class='ocrx_word' id='word_1_42' title='bbox 942 1055 1112 1107; x_wconf 80' lang='lat' dir='ltr'><strong>substantialia</strong></span> <span class='ocrx_word' id='word_1_43' title='bbox 1127 1058 1224 1124; x_wconf 66' lang='lat' dir='ltr'><strong>integer</strong></span> 
     </span>
     <span class='ocr_line' id='line_1_7' title="bbox 645 1134 724 1171; baseline 0.025 -2"><span class='ocrx_word' id='word_1_44' title='bbox 645 1134 678 1170; x_wconf 83' lang='lat' dir='ltr'><strong>ex</strong></span> <span class='ocrx_word' id='word_1_45' title='bbox 714 1150 724 1171; x_wconf 81' lang='grc'><strong>.</strong></span> 
     </span>
    </p>
   </div>
   <div class='ocr_carea' id='block_1_4' title="bbox 132 1238 1223 4146">
    <p class='ocr_par' dir='ltr' id='par_1_4' title="bbox 135 1238 1223 2263">
     <span class='ocr_line' id='line_1_8' title="bbox 176 1238 1223 1325; baseline 0.012 -28"><span class='ocrx_word' id='word_1_46' title='bbox 176 1244 249 1301; x_wconf 69' lang='lat' dir='ltr'><strong>tire.</strong></span> <span class='ocrx_word' id='word_1_47' title='bbox 262 1240 392 1300; x_wconf 82' lang='lat' dir='ltr'><strong>Textaun</strong></span> <span class='ocrx_word' id='word_1_48' title='bbox 409 1238 567 1299; x_wconf 84' lang='lat' dir='ltr'><strong>hebraeum</strong></span> <span class='ocrx_word' id='word_1_49' title='bbox 579 1241 618 1301; x_wconf 83' lang='lat' dir='ltr'><strong>ab</strong></span> <span class='ocrx_word' id='word_1_50' title='bbox 631 1241 750 1320; x_wconf 82' lang='lat' dir='ltr'><strong>origine</strong></span> <span class='ocrx_word' id='word_1_51' title='bbox 765 1257 818 1304; x_wconf 88' lang='lat' dir='ltr'><strong>sua</strong></span> <span class='ocrx_word' id='word_1_52' title='bbox 831 1261 925 1320; x_wconf 85' lang='lat' dir='ltr'><strong>usque</strong></span> <span class='ocrx_word' id='word_1_53' title='bbox 937 1252 1005 1322; x_wconf 93' lang='lat' dir='ltr'><strong>post</strong></span> <span class='ocrx_word' id='word_1_54' title='bbox 1016 1246 1223 1325; x_wconf 86' lang='lat' dir='ltr'><strong>captivitatem</strong></span> 
     </span>
     <span class='ocr_line' id='line_1_9' title="bbox 136 1322 1223 1406; baseline 0.006 -17"><span class='ocrx_word' id='word_1_55' title='bbox 136 1322 367 1405; x_wconf 74' lang='lat' dir='ltr'><strong>babylonicam,</strong></span> <span class='ocrx_word' id='word_1_56' title='bbox 382 1341 437 1386; x_wconf 90' lang='lat' dir='ltr'><strong>scu</strong></span> <span class='ocrx_word' id='word_1_57' title='bbox 454 1325 493 1384; x_wconf 88' lang='lat' dir='ltr'><strong>ad</strong></span> <span class='ocrx_word' id='word_1_58' title='bbox 512 1332 628 1405; x_wconf 89' lang='lat' dir='ltr'><strong>tempus</strong></span> <span class='ocrx_word' id='word_1_59' title='bbox 645 1327 765 1398; x_wconf 85' lang='lat' dir='ltr'><strong>Esdrae,</strong></span> <span class='ocrx_word' id='word_1_60' title='bbox 781 1345 835 1406; x_wconf 89' lang='lat' dir='ltr'><strong>per</strong></span> <span class='ocrx_word' id='word_1_61' title='bbox 852 1328 960 1389; x_wconf 88' lang='lat' dir='ltr'><strong>decem</strong></span> <span class='ocrx_word' id='word_1_62' title='bbox 978 1330 1223 1396; x_wconf 85' lang='lat' dir='ltr'><strong>circitersaecuia</strong></span> 
     </span>
     <span class='ocr_line' id='line_1_10' title="bbox 137 1408 1221 1493; baseline 0.008 -21"><span class='ocrx_word' id='word_1_63' title='bbox 137 1408 242 1493; x_wconf 88' lang='lat' dir='ltr'><strong>quoad</strong></span> <span class='ocrx_word' id='word_1_64' title='bbox 255 1409 462 1472; x_wconf 75' lang='lat' dir='ltr'><strong>substantialia</strong></span> <span class='ocrx_word' id='word_1_65' title='bbox 476 1410 628 1489; x_wconf 80' lang='lat' dir='ltr'><strong>integrum</strong></span> <span class='ocrx_word' id='word_1_66' title='bbox 639 1421 798 1473; x_wconf 91' lang='lat' dir='ltr'><strong>servarunt</strong></span> <span class='ocrx_word' id='word_1_67' title='bbox 812 1415 986 1476; x_wconf 88' lang='lat' dir='ltr'><strong>reverentia</strong></span> <span class='ocrx_word' id='word_1_68' title='bbox 998 1415 1175 1479; x_wconf 83' lang='lat' dir='ltr'><strong>ludaeorum</strong></span> <span class='ocrx_word' id='word_1_69' title='bbox 1188 1422 1221 1481; x_wconf 90' lang='lat' dir='ltr'><strong>iu</strong></span> 
     </span>
     <span class='ocr_line' id='line_1_11' title="bbox 137 1495 1221 1577; baseline 0.006 -18"><span class='ocrx_word' id='word_1_70' title='bbox 137 1499 247 1559; x_wconf 79' lang='lat' dir='ltr'><strong>libros</strong></span> <span class='ocrx_word' id='word_1_71' title='bbox 264 1513 376 1567; x_wconf 85' lang='lat' dir='ltr'><strong>sacros,</strong></span> <span class='ocrx_word' id='word_1_72' title='bbox 390 1511 449 1573; x_wconf 88' lang='lat' dir='ltr'><strong>qua</strong></span> <span class='ocrx_word' id='word_1_73' title='bbox 459 1495 557 1573; x_wconf 87' lang='lat' dir='ltr'><strong>major</strong></span> <span class='ocrx_word' id='word_1_74' title='bbox 569 1497 735 1575; x_wconf 82' lang='lat' dir='ltr'><strong>excogitari</strong></span> <span class='ocrx_word' id='word_1_75' title='bbox 750 1499 870 1576; x_wconf 90' lang='lat' dir='ltr'><strong>nequit,</strong></span> <span class='ocrx_word' id='word_1_76' title='bbox 885 1506 975 1577; x_wconf 88' lang='lat' dir='ltr'><strong>atque</strong></span> <span class='ocrx_word' id='word_1_77' title='bbox 988 1518 1103 1562; x_wconf 85' lang='lat' dir='ltr'><strong>summa</strong></span> <span class='ocrx_word' id='word_1_78' title='bbox 1116 1519 1221 1567; x_wconf 90' lang='lat' dir='ltr'><strong>eorum</strong></span> 
     </span>
     <span class='ocr_line' id='line_1_12' title="bbox 136 1576 1222 1660; baseline 0.005 -14"><span class='ocrx_word' id='word_1_79' title='bbox 136 1580 309 1646; x_wconf 90' lang='lat' dir='ltr'><strong>sollicitudo</strong></span> <span class='ocrx_word' id='word_1_80' title='bbox 331 1581 364 1640; x_wconf 93' lang='lat' dir='ltr'><strong>in</strong></span> <span class='ocrx_word' id='word_1_81' title='bbox 388 1576 443 1639; x_wconf 92' lang='lat' dir='ltr'><strong>iilo</strong></span> <span class='ocrx_word' id='word_1_82' title='bbox 460 1578 674 1643; x_wconf 87' lang='lat' dir='ltr'><strong>describendo.</strong></span> <span class='ocrx_word' id='word_1_83' title='bbox 691 1582 782 1660; x_wconf 84' lang='lat' dir='ltr'><strong>Quod</strong></span> <span class='ocrx_word' id='word_1_84' title='bbox 795 1601 868 1644; x_wconf 87' lang='lat' dir='ltr'><strong>voro</strong></span> <span class='ocrx_word' id='word_1_85' title='bbox 886 1583 997 1645; x_wconf 87' lang='lat' dir='ltr'><strong>menda</strong></span> <span class='ocrx_word' id='word_1_86' title='bbox 1011 1588 1155 1650; x_wconf 89' lang='lat' dir='ltr'><strong>nonnulla</strong></span> <span class='ocrx_word' id='word_1_87' title='bbox 1165 1593 1222 1650; x_wconf 86' lang='lat' dir='ltr'><strong>mi·</strong></span> 
     </span>
     <span class='ocr_line' id='line_1_13' title="bbox 137 1665 1221 1751; baseline 0.006 -20"><span class='ocrx_word' id='word_1_88' title='bbox 137 1670 222 1731; x_wconf 89' lang='lat' dir='ltr'><strong>noris</strong></span> <span class='ocrx_word' id='word_1_89' title='bbox 233 1665 379 1728; x_wconf 83' lang='lat' dir='ltr'><strong>momenti</strong></span> <span class='ocrx_word' id='word_1_90' title='bbox 393 1667 592 1751; x_wconf 80' lang='lat' dir='ltr'><strong>contraxerit,</strong></span> <span class='ocrx_word' id='word_1_91' title='bbox 604 1685 763 1729; x_wconf 90' lang='lat' dir='ltr'><strong>commune</strong></span> <span class='ocrx_word' id='word_1_92' title='bbox 777 1670 1020 1749; x_wconf 81' lang='lat' dir='ltr'><strong>apographomm</strong></span> <span class='ocrx_word' id='word_1_93' title='bbox 1031 1671 1123 1733; x_wconf 86' lang='lat' dir='ltr'><strong>iatum</strong></span> <span class='ocrx_word' id='word_1_94' title='bbox 1136 1678 1221 1738; x_wconf 87' lang='lat' dir='ltr'><strong>eviu-</strong></span> 
     </span>
     <span class='ocr_line' id='line_1_14' title="bbox 137 1753 1221 1834; baseline 0.005 -16"><span class='ocrx_word' id='word_1_95' title='bbox 137 1758 191 1819; x_wconf 89' lang='lat' dir='ltr'><strong>cit.</strong></span> <span class='ocrx_word' id='word_1_96' title='bbox 213 1755 359 1818; x_wconf 80' lang='lat' dir='ltr'><strong>Creditur</strong></span> <span class='ocrx_word' id='word_1_97' title='bbox 375 1759 477 1813; x_wconf 88' lang='lat' dir='ltr'><strong>autem</strong></span> <span class='ocrx_word' id='word_1_98' title='bbox 492 1753 634 1825; x_wconf 84' lang='lat' dir='ltr'><strong>Esdram,</strong></span> <span class='ocrx_word' id='word_1_99' title='bbox 646 1755 746 1815; x_wconf 92' lang='lat' dir='ltr'><strong>virum</strong></span> <span class='ocrx_word' id='word_1_100' title='bbox 766 1756 872 1834; x_wconf 85' lang='lat' dir='ltr'><strong>patriae</strong></span> <span class='ocrx_word' id='word_1_101' title='bbox 890 1756 1094 1834; x_wconf 86' lang='lat' dir='ltr'><strong>antiquitatis,</strong></span> <span class='ocrx_word' id='word_1_102' title='bbox 1108 1761 1221 1823; x_wconf 87' lang='lat' dir='ltr'><strong>rituum</strong></span> 
     </span>
     <span class='ocr_line' id='line_1_15' title="bbox 135 1839 1221 1918; baseline 0.005 -16"><span class='ocrx_word' id='word_1_103' title='bbox 135 1841 329 1911; x_wconf 78' lang='lat' dir='ltr'><strong>Judaeonm,</strong></span> <span class='ocrx_word' id='word_1_104' title='bbox 351 1853 562 1916; x_wconf 73' lang='lat' dir='ltr'><strong>sacrariumque</strong></span> <span class='ocrx_word' id='word_1_105' title='bbox 580 1839 763 1899; x_wconf 86' lang='lat' dir='ltr'><strong>Litteramm</strong></span> <span class='ocrx_word' id='word_1_106' title='bbox 780 1839 1011 1918; x_wconf 88' lang='lat' dir='ltr'><strong>peritissimmu,</strong></span> <span class='ocrx_word' id='word_1_107' title='bbox 1033 1842 1164 1903; x_wconf 72' lang='lat' dir='ltr'><strong>Tectum</strong></span> <span class='ocrx_word' id='word_1_108' title='bbox 1174 1864 1221 1907; x_wconf 86' lang='lat' dir='ltr'><strong>sa-</strong></span> 
     </span>
     <span class='ocr_line' id='line_1_16' title="bbox 135 1921 1221 2004; baseline 0.003 -16"><span class='ocrx_word' id='word_1_109' title='bbox 135 1943 223 1988; x_wconf 91' lang='lat' dir='ltr'><strong>crum</strong></span> <span class='ocrx_word' id='word_1_110' title='bbox 234 1942 292 2004; x_wconf 91' lang='lat' dir='ltr'><strong>ope</strong></span> <span class='ocrx_word' id='word_1_111' title='bbox 306 1922 408 2001; x_wconf 79' lang='lat' dir='ltr'><strong>magni</strong></span> <span class='ocrx_word' id='word_1_112' title='bbox 419 1922 540 1982; x_wconf 88' lang='lat' dir='ltr'><strong>numeri</strong></span> <span class='ocrx_word' id='word_1_113' title='bbox 555 1921 773 2002; x_wconf 83' lang='lat' dir='ltr'><strong>exemplarium</strong></span> <span class='ocrx_word' id='word_1_114' title='bbox 786 1940 803 1982; x_wconf 86' lang='lat' dir='ltr'><strong>a</strong></span> <span class='ocrx_word' id='word_1_115' title='bbox 816 1922 937 1983; x_wconf 89' lang='lat' dir='ltr'><strong>mendis</strong></span> <span class='ocrx_word' id='word_1_116' title='bbox 948 1924 1047 2001; x_wconf 89' lang='lat' dir='ltr'><strong>quoad</strong></span> <span class='ocrx_word' id='word_1_117' title='bbox 1057 1925 1144 1988; x_wconf 88' lang='lat' dir='ltr'><strong>licuit</strong></span> <span class='ocrx_word' id='word_1_118' title='bbox 1156 1947 1221 1990; x_wconf 83' lang='lat' dir='ltr'><strong>cor·</strong></span> 
     </span>
     <span class='ocr_line' id='line_1_17' title="bbox 136 2005 1221 2087; baseline 0.002 -13"><span class='ocrx_word' id='word_1_119' title='bbox 136 2012 251 2073; x_wconf 87' lang='lat' dir='ltr'><strong>rexisse</strong></span> <span class='ocrx_word' id='word_1_120' title='bbox 269 2005 320 2086; x_wconf 85' lang='lat' dir='ltr'><strong>(n.</strong></span> <span class='ocrx_word' id='word_1_121' title='bbox 339 2006 385 2084; x_wconf 83' lang='grc'><strong>7).</strong></span> <span class='ocrx_word' id='word_1_122' title='bbox 404 2008 534 2067; x_wconf 89' lang='lat' dir='ltr'><strong>Textum</strong></span> <span class='ocrx_word' id='word_1_123' title='bbox 551 2006 710 2068; x_wconf 88' lang='lat' dir='ltr'><strong>hebraeum</strong></span> <span class='ocrx_word' id='word_1_124' title='bbox 727 2015 827 2068; x_wconf 91' lang='lat' dir='ltr'><strong>autem</strong></span> <span class='ocrx_word' id='word_1_125' title='bbox 841 2015 978 2087; x_wconf 88' lang='lat' dir='ltr'><strong>tempore</strong></span> <span class='ocrx_word' id='word_1_126' title='bbox 994 2009 1097 2070; x_wconf 86' lang='lat' dir='ltr'><strong>Esdrae</strong></span> <span class='ocrx_word' id='word_1_127' title='bbox 1110 2016 1221 2076; x_wconf 88' lang='lat' dir='ltr'><strong>menda</strong></span> 
     </span>
     <span class='ocr_line' id='line_1_18' title="bbox 135 2093 1220 2175; baseline 0.005 -17"><span class='ocrx_word' id='word_1_128' title='bbox 135 2095 346 2160; x_wconf 87' lang='lat' dir='ltr'><strong>substantialia</strong></span> <span class='ocrx_word' id='word_1_129' title='bbox 365 2110 427 2153; x_wconf 92' lang='lat' dir='ltr'><strong>nou</strong></span> <span class='ocrx_word' id='word_1_130' title='bbox 450 2093 593 2155; x_wconf 86' lang='lat' dir='ltr'><strong>babuisse</strong></span> <span class='ocrx_word' id='word_1_131' title='bbox 615 2094 740 2172; x_wconf 88' lang='lat' dir='ltr'><strong>insuper</strong></span> <span class='ocrx_word' id='word_1_132' title='bbox 758 2101 858 2175; x_wconf 88' lang='lat' dir='ltr'><strong>patet,</strong></span> <span class='ocrx_word' id='word_1_133' title='bbox 872 2094 953 2172; x_wconf 91' lang='lat' dir='ltr'><strong>qued</strong></span> <span class='ocrx_word' id='word_1_134' title='bbox 973 2112 1039 2156; x_wconf 87' lang='lat' dir='ltr'><strong>aevo</strong></span> <span class='ocrx_word' id='word_1_135' title='bbox 1053 2095 1167 2161; x_wconf 84' lang='lat' dir='ltr'><strong>Christi</strong></span> <span class='ocrx_word' id='word_1_136' title='bbox 1181 2102 1220 2163; x_wconf 90' lang='lat' dir='ltr'><strong>ab</strong></span> 
     </span>
     <span class='ocr_line' id='line_1_19' title="bbox 135 2178 706 2263; baseline -0.009 -18"><span class='ocrx_word' id='word_1_137' title='bbox 135 2181 308 2263; x_wconf 88' lang='lat' dir='ltr'><strong>hujusmodi</strong></span> <span class='ocrx_word' id='word_1_138' title='bbox 320 2179 440 2240; x_wconf 90' lang='lat' dir='ltr'><strong>mendis</strong></span> <span class='ocrx_word' id='word_1_139' title='bbox 453 2179 594 2240; x_wconf 90' lang='lat' dir='ltr'><strong>immunis</strong></span> <span class='ocrx_word' id='word_1_140' title='bbox 605 2178 706 2240; x_wconf 89' lang='lat' dir='ltr'><strong>iuerit.</strong></span> 
     </span>
    </p>

    <p class='ocr_par' dir='ltr' id='par_1_5' title="bbox 135 2264 1221 2862">
     <span class='ocr_line' id='line_1_20' title="bbox 173 2264 1218 2349; baseline 0.004 -19"><span class='ocrx_word' id='word_1_141' title='bbox 173 2269 242 2332; x_wconf 77' lang='lat' dir='ltr'><strong>aad</strong></span> <span class='ocrx_word' id='word_1_142' title='bbox 261 2268 311 2329; x_wconf 92' lang='lat' dir='ltr'><strong>Ab</strong></span> <span class='ocrx_word' id='word_1_143' title='bbox 322 2266 426 2327; x_wconf 83' lang='lat' dir='ltr'><strong>Esdrae</strong></span> <span class='ocrx_word' id='word_1_144' title='bbox 445 2265 633 2345; x_wconf 86' lang='lat' dir='ltr'><strong>temporibus</strong></span> <span class='ocrx_word' id='word_1_145' title='bbox 652 2284 746 2345; x_wconf 87' lang='lat' dir='ltr'><strong>usque</strong></span> <span class='ocrx_word' id='word_1_146' title='bbox 760 2264 799 2327; x_wconf 92' lang='lat' dir='ltr'><strong>ad</strong></span> <span class='ocrx_word' id='word_1_147' title='bbox 811 2283 909 2327; x_wconf 75' lang='lat' dir='ltr'><strong>aevum</strong></span> <span class='ocrx_word' id='word_1_148' title='bbox 920 2268 1000 2329; x_wconf 83' lang='lat' dir='ltr'><strong>Lxx</strong></span> <span class='ocrx_word' id='word_1_149' title='bbox 1016 2269 1218 2349; x_wconf 81' lang='lat' dir='ltr'><strong>interpretum</strong></span> 
     </span>
     <span class='ocr_line' id='line_1_21' title="bbox 137 2353 1220 2440; baseline 0.001 -19"><span class='ocrx_word' id='word_1_150' title='bbox 137 2375 195 2440; x_wconf 88' lang='lat' dir='ltr'><strong>per</strong></span> <span class='ocrx_word' id='word_1_151' title='bbox 212 2357 271 2419; x_wconf 91' lang='lat' dir='ltr'><strong>tria</strong></span> <span class='ocrx_word' id='word_1_152' title='bbox 284 2355 407 2416; x_wconf 91' lang='lat' dir='ltr'><strong>circiter</strong></span> <span class='ocrx_word' id='word_1_153' title='bbox 422 2353 532 2415; x_wconf 75' lang='lat' dir='ltr'><strong>secula</strong></span> <span class='ocrx_word' id='word_1_154' title='bbox 550 2361 665 2415; x_wconf 85' lang='lat' dir='ltr'><strong>textum</strong></span> <span class='ocrx_word' id='word_1_155' title='bbox 677 2354 835 2415; x_wconf 90' lang='lat' dir='ltr'><strong>hebraeum</strong></span> <span class='ocrx_word' id='word_1_156' title='bbox 848 2354 946 2433; x_wconf 92' lang='lat' dir='ltr'><strong>quoad</strong></span> <span class='ocrx_word' id='word_1_157' title='bbox 958 2356 1157 2420; x_wconf 85' lang='lat' dir='ltr'><strong>substantiam</strong></span> <span class='ocrx_word' id='word_1_158' title='bbox 1171 2361 1220 2422; x_wconf 84' lang='lat' dir='ltr'><strong>in·</strong></span> 
     </span>
     <span class='ocr_line' id='line_1_22' title="bbox 136 2440 1220 2526; baseline 0.003 -20"><span class='ocrx_word' id='word_1_159' title='bbox 136 2454 257 2526; x_wconf 75' lang='lat' dir='ltr'><strong>tegrum</strong></span> <span class='ocrx_word' id='word_1_160' title='bbox 274 2447 434 2505; x_wconf 87' lang='lat' dir='ltr'><strong>servarunt</strong></span> <span class='ocrx_word' id='word_1_161' title='bbox 450 2456 564 2501; x_wconf 88' lang='lat' dir='ltr'><strong>summa</strong></span> <span class='ocrx_word' id='word_1_162' title='bbox 578 2440 754 2502; x_wconf 81' lang='lat' dir='ltr'><strong>iudaeorum</strong></span> <span class='ocrx_word' id='word_1_163' title='bbox 771 2441 804 2501; x_wconf 92' lang='lat' dir='ltr'><strong>in</strong></span> <span class='ocrx_word' id='word_1_164' title='bbox 816 2459 918 2503; x_wconf 92' lang='lat' dir='ltr'><strong>sacros</strong></span> <span class='ocrx_word' id='word_1_165' title='bbox 930 2440 1061 2505; x_wconf 87' lang='lat' dir='ltr'><strong>Codices</strong></span> <span class='ocrx_word' id='word_1_166' title='bbox 1074 2461 1220 2509; x_wconf 88' lang='lat' dir='ltr'><strong>reveren-</strong></span> 
     </span>
     <span class='ocr_line' id='line_1_23' title="bbox 136 2526 1221 2608; baseline 0.001 -14"><span class='ocrx_word' id='word_1_167' title='bbox 136 2533 196 2606; x_wconf 87' lang='lat' dir='ltr'><strong>tia,</strong></span> <span class='ocrx_word' id='word_1_168' title='bbox 208 2528 381 2594; x_wconf 88' lang='lat' dir='ltr'><strong>soilicitudo</strong></span> <span class='ocrx_word' id='word_1_169' title='bbox 407 2528 515 2607; x_wconf 79' lang='lat' dir='ltr'><strong>ingens</strong></span> <span class='ocrx_word' id='word_1_170' title='bbox 535 2526 657 2590; x_wconf 89' lang='lat' dir='ltr'><strong>illomm</strong></span> <span class='ocrx_word' id='word_1_171' title='bbox 678 2529 710 2588; x_wconf 91' lang='lat' dir='ltr'><strong>in</strong></span> <span class='ocrx_word' id='word_1_172' title='bbox 733 2529 787 2588; x_wconf 94' lang='lat' dir='ltr'><strong>iiio</strong></span> <span class='ocrx_word' id='word_1_173' title='bbox 806 2529 1021 2598; x_wconf 90' lang='lat' dir='ltr'><strong>describendo,</strong></span> <span class='ocrx_word' id='word_1_174' title='bbox 1039 2539 1129 2608; x_wconf 90' lang='lat' dir='ltr'><strong>atque</strong></span> <span class='ocrx_word' id='word_1_175' title='bbox 1149 2550 1221 2595; x_wconf 87' lang='lat' dir='ltr'><strong>usus</strong></span> 
     </span>
     <span class='ocr_line' id='line_1_24' title="bbox 136 2612 1220 2699; baseline -0.003 -19"><span class='ocrx_word' id='word_1_176' title='bbox 136 2620 250 2699; x_wconf 81' lang='lat' dir='ltr'><strong>linguae</strong></span> <span class='ocrx_word' id='word_1_177' title='bbox 262 2614 416 2676; x_wconf 78' lang='lat' dir='ltr'><strong>hebraicae</strong></span> <span class='ocrx_word' id='word_1_178' title='bbox 435 2631 556 2693; x_wconf 90' lang='lat' dir='ltr'><strong>semper</strong></span> <span class='ocrx_word' id='word_1_179' title='bbox 575 2612 673 2673; x_wconf 88' lang='lat' dir='ltr'><strong>adhuc</strong></span> <span class='ocrx_word' id='word_1_180' title='bbox 690 2614 833 2690; x_wconf 81' lang='lat' dir='ltr'><strong>vigentis.</strong></span> <span class='ocrx_word' id='word_1_181' title='bbox 852 2613 942 2689; x_wconf 81' lang='lat' dir='ltr'><strong>Quod</strong></span> <span class='ocrx_word' id='word_1_182' title='bbox 958 2613 1149 2693; x_wconf 88' lang='lat' dir='ltr'><strong>incorruptus</strong></span> <span class='ocrx_word' id='word_1_183' title='bbox 1166 2618 1220 2677; x_wconf 91' lang='lat' dir='ltr'><strong>iiio</strong></span> 
     </span>
     <span class='ocr_line' id='line_1_25' title="bbox 137 2695 1220 2777; baseline -0.005 -13"><span class='ocrx_word' id='word_1_184' title='bbox 137 2721 204 2765; x_wconf 89' lang='lat' dir='ltr'><strong>aevo</strong></span> <span class='ocrx_word' id='word_1_185' title='bbox 234 2700 327 2762; x_wconf 83' lang='lat' dir='ltr'><strong>fuerit</strong></span> <span class='ocrx_word' id='word_1_186' title='bbox 356 2698 456 2760; x_wconf 91' lang='lat' dir='ltr'><strong>denuo</strong></span> <span class='ocrx_word' id='word_1_187' title='bbox 487 2699 633 2758; x_wconf 88' lang='lat' dir='ltr'><strong>evincunt</strong></span> <span class='ocrx_word' id='word_1_188' title='bbox 658 2697 783 2775; x_wconf 86' lang='lat' dir='ltr'><strong>insuper</strong></span> <span class='ocrx_word' id='word_1_189' title='bbox 807 2695 871 2772; x_wconf 88' lang='lat' dir='ltr'><strong>ejus</strong></span> <span class='ocrx_word' id='word_1_190' title='bbox 900 2696 1059 2772; x_wconf 81' lang='lat' dir='ltr'><strong>integritas</strong></span> <span class='ocrx_word' id='word_1_191' title='bbox 1084 2705 1220 2777; x_wconf 91' lang='lat' dir='ltr'><strong>tempore</strong></span> 
     </span>
     <span class='ocr_line' id='line_1_26' title="bbox 135 2778 1072 2862; baseline -0.011 -13"><span class='ocrx_word' id='word_1_192' title='bbox 135 2784 266 2857; x_wconf 85' lang='lat' dir='ltr'><strong>Christi,</strong></span> <span class='ocrx_word' id='word_1_193' title='bbox 279 2791 371 2862; x_wconf 88' lang='lat' dir='ltr'><strong>atque</strong></span> <span class='ocrx_word' id='word_1_194' title='bbox 385 2789 485 2843; x_wconf 84' lang='lat' dir='ltr'><strong>textus</strong></span> <span class='ocrx_word' id='word_1_195' title='bbox 497 2780 700 2841; x_wconf 88' lang='lat' dir='ltr'><strong>Samaritanus</strong></span> <span class='ocrx_word' id='word_1_196' title='bbox 713 2778 812 2857; x_wconf 91' lang='lat' dir='ltr'><strong>quoad</strong></span> <span class='ocrx_word' id='word_1_197' title='bbox 821 2778 1072 2839; x_wconf 74' lang='lat' dir='ltr'><strong>pentateuchum.</strong></span> 
     </span>
    </p>

    <p class='ocr_par' dir='ltr' id='par_1_6' title="bbox 134 2862 1223 3617">
     <span class='ocr_line' id='line_1_27' title="bbox 172 2862 1222 2945; baseline 0 -19"><span class='ocrx_word' id='word_1_198' title='bbox 172 2870 248 2927; x_wconf 73' lang='lat' dir='ltr'><strong>itii.</strong></span> <span class='ocrx_word' id='word_1_199' title='bbox 259 2869 309 2931; x_wconf 92' lang='lat' dir='ltr'><strong>Ab</strong></span> <span class='ocrx_word' id='word_1_200' title='bbox 321 2884 388 2930; x_wconf 79' lang='lat' dir='ltr'><strong>aevo</strong></span> <span class='ocrx_word' id='word_1_201' title='bbox 400 2867 480 2928; x_wconf 85' lang='lat' dir='ltr'><strong>Lxx</strong></span> <span class='ocrx_word' id='word_1_202' title='bbox 492 2868 695 2945; x_wconf 89' lang='lat' dir='ltr'><strong>interpretum</strong></span> <span class='ocrx_word' id='word_1_203' title='bbox 707 2881 800 2942; x_wconf 88' lang='lat' dir='ltr'><strong>usque</strong></span> <span class='ocrx_word' id='word_1_204' title='bbox 813 2865 851 2925; x_wconf 93' lang='lat' dir='ltr'><strong>ad</strong></span> <span class='ocrx_word' id='word_1_205' title='bbox 864 2862 1017 2925; x_wconf 88' lang='lat' dir='ltr'><strong>Christum</strong></span> <span class='ocrx_word' id='word_1_206' title='bbox 1029 2880 1085 2942; x_wconf 91' lang='lat' dir='ltr'><strong>per</strong></span> <span class='ocrx_word' id='word_1_207' title='bbox 1095 2863 1153 2926; x_wconf 90' lang='lat' dir='ltr'><strong>tria</strong></span> <span class='ocrx_word' id='word_1_208' title='bbox 1163 2867 1222 2926; x_wconf 86' lang='lat' dir='ltr'><strong>eir·</strong></span> 
     </span>
     <span class='ocr_line' id='line_1_28' title="bbox 135 2950 1218 3033; baseline -0.007 -11"><span class='ocrx_word' id='word_1_209' title='bbox 135 2961 216 3022; x_wconf 88' lang='lat' dir='ltr'><strong>citer</strong></span> <span class='ocrx_word' id='word_1_210' title='bbox 226 2956 337 3020; x_wconf 85' lang='lat' dir='ltr'><strong>saecula</strong></span> <span class='ocrx_word' id='word_1_211' title='bbox 348 2955 457 3017; x_wconf 89' lang='lat' dir='ltr'><strong>eadem</strong></span> <span class='ocrx_word' id='word_1_212' title='bbox 472 2955 581 3033; x_wconf 81' lang='lat' dir='ltr'><strong>ingens</strong></span> <span class='ocrx_word' id='word_1_213' title='bbox 592 2952 766 3013; x_wconf 82' lang='lat' dir='ltr'><strong>iudaeorum</strong></span> <span class='ocrx_word' id='word_1_214' title='bbox 783 2953 815 3012; x_wconf 90' lang='lat' dir='ltr'><strong>iu</strong></span> <span class='ocrx_word' id='word_1_215' title='bbox 825 2950 926 3011; x_wconf 88' lang='lat' dir='ltr'><strong>Bibiia</strong></span> <span class='ocrx_word' id='word_1_216' title='bbox 936 2968 1021 3012; x_wconf 86' lang='lat' dir='ltr'><strong>sacre</strong></span> <span class='ocrx_word' id='word_1_217' title='bbox 1031 2955 1218 3025; x_wconf 90' lang='lat' dir='ltr'><strong>reverentia,</strong></span> 
     </span>
     <span class='ocr_line' id='line_1_29' title="bbox 135 3035 1221 3116; baseline -0.006 -11"><span class='ocrx_word' id='word_1_218' title='bbox 135 3044 267 3105; x_wconf 85' lang='lat' dir='ltr'><strong>maxima</strong></span> <span class='ocrx_word' id='word_1_219' title='bbox 283 3042 317 3102; x_wconf 90' lang='lat' dir='ltr'><strong>in</strong></span> <span class='ocrx_word' id='word_1_220' title='bbox 336 3041 375 3101; x_wconf 90' lang='lat' dir='ltr'><strong>iis</strong></span> <span class='ocrx_word' id='word_1_221' title='bbox 393 3037 604 3100; x_wconf 88' lang='lat' dir='ltr'><strong>describendis</strong></span> <span class='ocrx_word' id='word_1_222' title='bbox 621 3036 794 3098; x_wconf 92' lang='lat' dir='ltr'><strong>sollicitudo</strong></span> <span class='ocrx_word' id='word_1_223' title='bbox 815 3042 932 3096; x_wconf 89' lang='lat' dir='ltr'><strong>textum</strong></span> <span class='ocrx_word' id='word_1_224' title='bbox 948 3035 1106 3095; x_wconf 82' lang='lat' dir='ltr'><strong>irebraeum</strong></span> <span class='ocrx_word' id='word_1_225' title='bbox 1122 3039 1221 3116; x_wconf 90' lang='lat' dir='ltr'><strong>quoad</strong></span> 
     </span>
     <span class='ocr_line' id='line_1_30' title="bbox 134 3121 1222 3206; baseline -0.007 -12"><span class='ocrx_word' id='word_1_226' title='bbox 134 3128 344 3194; x_wconf 83' lang='lat' dir='ltr'><strong>strbetunliaiia</strong></span> <span class='ocrx_word' id='word_1_227' title='bbox 361 3127 513 3206; x_wconf 81' lang='lat' dir='ltr'><strong>integrum</strong></span> <span class='ocrx_word' id='word_1_228' title='bbox 530 3131 756 3186; x_wconf 87' lang='lat' dir='ltr'><strong>conservarunt.</strong></span> <span class='ocrx_word' id='word_1_229' title='bbox 775 3122 865 3200; x_wconf 84' lang='lat' dir='ltr'><strong>Quod</strong></span> <span class='ocrx_word' id='word_1_230' title='bbox 881 3138 956 3182; x_wconf 90' lang='lat' dir='ltr'><strong>vero</strong></span> <span class='ocrx_word' id='word_1_231' title='bbox 966 3121 1080 3185; x_wconf 87' lang='lat' dir='ltr'><strong>Christi</strong></span> <span class='ocrx_word' id='word_1_232' title='bbox 1093 3130 1124 3183; x_wconf 93' lang='lat' dir='ltr'><strong>et</strong></span> <span class='ocrx_word' id='word_1_233' title='bbox 1141 3126 1222 3203; x_wconf 78' lang='lat' dir='ltr'><strong>Apo—</strong></span> 
     </span>
     <span class='ocr_line' id='line_1_31' title="bbox 135 3202 1222 3289; baseline -0.007 -14"><span class='ocrx_word' id='word_1_234' title='bbox 135 3210 283 3276; x_wconf 85' lang='lat' dir='ltr'><strong>stolorum</strong></span> <span class='ocrx_word' id='word_1_235' title='bbox 303 3209 491 3289; x_wconf 88' lang='lat' dir='ltr'><strong>temporibus</strong></span> <span class='ocrx_word' id='word_1_236' title='bbox 510 3207 702 3287; x_wconf 88' lang='lat' dir='ltr'><strong>incorruptus</strong></span> <span class='ocrx_word' id='word_1_237' title='bbox 717 3206 809 3266; x_wconf 87' lang='lat' dir='ltr'><strong>inerit</strong></span> <span class='ocrx_word' id='word_1_238' title='bbox 825 3210 924 3284; x_wconf 85' lang='lat' dir='ltr'><strong>petet,</strong></span> <span class='ocrx_word' id='word_1_239' title='bbox 942 3202 1023 3282; x_wconf 92' lang='lat' dir='ltr'><strong>quod</strong></span> <span class='ocrx_word' id='word_1_240' title='bbox 1036 3202 1174 3266; x_wconf 87' lang='lat' dir='ltr'><strong>Christus</strong></span> <span class='ocrx_word' id='word_1_241' title='bbox 1191 3216 1222 3267; x_wconf 91' lang='lat' dir='ltr'><strong>et</strong></span> 
     </span>
     <span class='ocr_line' id='line_1_32' title="bbox 137 3291 1222 3382; baseline -0.008 -20"><span class='ocrx_word' id='word_1_242' title='bbox 137 3298 278 3382; x_wconf 80' lang='lat' dir='ltr'><strong>Apostoli</strong></span> <span class='ocrx_word' id='word_1_243' title='bbox 297 3298 483 3378; x_wconf 87' lang='lat' dir='ltr'><strong>scripturam</strong></span> <span class='ocrx_word' id='word_1_244' title='bbox 500 3311 617 3356; x_wconf 89' lang='lat' dir='ltr'><strong>sacram</strong></span> <span class='ocrx_word' id='word_1_245' title='bbox 630 3293 684 3354; x_wconf 93' lang='lat' dir='ltr'><strong>illo</strong></span> <span class='ocrx_word' id='word_1_246' title='bbox 703 3309 770 3354; x_wconf 76' lang='lat' dir='ltr'><strong>teve</strong></span> <span class='ocrx_word' id='word_1_247' title='bbox 792 3299 945 3353; x_wconf 82' lang='lat' dir='ltr'><strong>extantem</strong></span> <span class='ocrx_word' id='word_1_248' title='bbox 957 3291 1092 3353; x_wconf 89' lang='lat' dir='ltr'><strong>divinam</strong></span> <span class='ocrx_word' id='word_1_249' title='bbox 1105 3309 1222 3353; x_wconf 91' lang='lat' dir='ltr'><strong>nuncu·</strong></span> 
     </span>
     <span class='ocr_line' id='line_1_33' title="bbox 136 3376 1223 3465; baseline -0.007 -18"><span class='ocrx_word' id='word_1_250' title='bbox 136 3392 255 3465; x_wconf 83' lang='lat' dir='ltr'><strong>pentes,</strong></span> <span class='ocrx_word' id='word_1_251' title='bbox 270 3390 301 3445; x_wconf 88' lang='lat' dir='ltr'><strong>et</strong></span> <span class='ocrx_word' id='word_1_252' title='bbox 313 3381 451 3444; x_wconf 88' lang='lat' dir='ltr'><strong>absolute</strong></span> <span class='ocrx_word' id='word_1_253' title='bbox 464 3379 722 3445; x_wconf 82' lang='lat' dir='ltr'><strong>commendantes,</strong></span> <span class='ocrx_word' id='word_1_254' title='bbox 737 3376 801 3455; x_wconf 82' lang='lat' dir='ltr'><strong>ejus</strong></span> <span class='ocrx_word' id='word_1_255' title='bbox 815 3377 1074 3457; x_wconf 89' lang='lat' dir='ltr'><strong>incorruptionem</strong></span> <span class='ocrx_word' id='word_1_256' title='bbox 1086 3377 1223 3439; x_wconf 81' lang='lat' dir='ltr'><strong>substau-</strong></span> 
     </span>
     <span class='ocr_line' id='line_1_34' title="bbox 135 3463 1222 3545; baseline -0.006 -16"><span class='ocrx_word' id='word_1_257' title='bbox 135 3469 257 3539; x_wconf 80' lang='lat' dir='ltr'><strong>tiaiem,</strong></span> <span class='ocrx_word' id='word_1_258' title='bbox 270 3476 361 3545; x_wconf 88' lang='lat' dir='ltr'><strong>atque</strong></span> <span class='ocrx_word' id='word_1_259' title='bbox 379 3466 590 3528; x_wconf 85' lang='lat' dir='ltr'><strong>auctoritatem</strong></span> <span class='ocrx_word' id='word_1_260' title='bbox 612 3463 808 3526; x_wconf 88' lang='lat' dir='ltr'><strong>intrinsecam</strong></span> <span class='ocrx_word' id='word_1_261' title='bbox 827 3481 863 3525; x_wconf 86' lang='lat' dir='ltr'><strong>ec</strong></span> <span class='ocrx_word' id='word_1_262' title='bbox 883 3463 1088 3524; x_wconf 87' lang='lat' dir='ltr'><strong>extrinsecam</strong></span> <span class='ocrx_word' id='word_1_263' title='bbox 1110 3478 1222 3543; x_wconf 86' lang='lat' dir='ltr'><strong>suppo-</strong></span> 
     </span>
     <span class='ocr_line' id='line_1_35' title="bbox 134 3562 259 3617; baseline 0.008 -2"><span class='ocrx_word' id='word_1_264' title='bbox 134 3562 259 3617; x_wconf 79' lang='lat' dir='ltr'><strong>nerem.</strong></span> 
     </span>
    </p>

    <p class='ocr_par' dir='ltr' id='par_1_7' title="bbox 132 3631 1223 4146">
     <span class='ocr_line' id='line_1_36' title="bbox 173 3631 1223 3716; baseline -0.003 -19"><span class='ocrx_word' id='word_1_265' title='bbox 173 3641 247 3697; x_wconf 76' lang='lat' dir='ltr'><strong>ttae.</strong></span> <span class='ocrx_word' id='word_1_266' title='bbox 257 3641 286 3699; x_wconf 96' lang='lat' dir='ltr'><strong>A</strong></span> <span class='ocrx_word' id='word_1_267' title='bbox 299 3636 416 3701; x_wconf 87' lang='lat' dir='ltr'><strong>Christi</strong></span> <span class='ocrx_word' id='word_1_268' title='bbox 429 3644 460 3699; x_wconf 88' lang='lat' dir='ltr'><strong>et</strong></span> <span class='ocrx_word' id='word_1_269' title='bbox 472 3636 687 3716; x_wconf 80' lang='lat' dir='ltr'><strong>Apostolorum</strong></span> <span class='ocrx_word' id='word_1_270' title='bbox 699 3631 887 3715; x_wconf 87' lang='lat' dir='ltr'><strong>temporibus</strong></span> <span class='ocrx_word' id='word_1_271' title='bbox 899 3650 994 3711; x_wconf 91' lang='lat' dir='ltr'><strong>usque</strong></span> <span class='ocrx_word' id='word_1_272' title='bbox 1008 3632 1046 3694; x_wconf 89' lang='lat' dir='ltr'><strong>ad</strong></span> <span class='ocrx_word' id='word_1_273' title='bbox 1056 3632 1223 3695; x_wconf 85' lang='lat' dir='ltr'><strong>secundum</strong></span> 
     </span>
     <span class='ocr_line' id='line_1_37' title="bbox 133 3722 1223 3806; baseline -0.007 -16"><span class='ocrx_word' id='word_1_274' title='bbox 133 3727 279 3790; x_wconf 64' lang='lat' dir='ltr'><strong>mahtim</strong></span> <span class='ocrx_word' id='word_1_275' title='bbox 296 3735 367 3806; x_wconf 88' lang='lat' dir='ltr'><strong>post</strong></span> <span class='ocrx_word' id='word_1_276' title='bbox 383 3723 538 3786; x_wconf 86' lang='lat' dir='ltr'><strong>Christum</strong></span> <span class='ocrx_word' id='word_1_277' title='bbox 549 3732 665 3784; x_wconf 89' lang='lat' dir='ltr'><strong>textum</strong></span> <span class='ocrx_word' id='word_1_278' title='bbox 683 3723 842 3784; x_wconf 80' lang='lat' dir='ltr'><strong>ltebraeum</strong></span> <span class='ocrx_word' id='word_1_279' title='bbox 854 3722 954 3800; x_wconf 88' lang='lat' dir='ltr'><strong>quoad</strong></span> <span class='ocrx_word' id='word_1_280' title='bbox 965 3722 1163 3782; x_wconf 88' lang='lat' dir='ltr'><strong>substantiam</strong></span> <span class='ocrx_word' id='word_1_281' title='bbox 1175 3722 1223 3783; x_wconf 88' lang='lat' dir='ltr'><strong>in·</strong></span> 
     </span>
     <span class='ocr_line' id='line_1_38' title="bbox 132 3806 1221 3893; baseline -0.004 -20"><span class='ocrx_word' id='word_1_282' title='bbox 132 3819 256 3893; x_wconf 73' lang='lat' dir='ltr'><strong>tegrum</strong></span> <span class='ocrx_word' id='word_1_283' title='bbox 276 3812 422 3873; x_wconf 89' lang='lat' dir='ltr'><strong>mansisse</strong></span> <span class='ocrx_word' id='word_1_284' title='bbox 448 3815 575 3870; x_wconf 90' lang='lat' dir='ltr'><strong>testatur</strong></span> <span class='ocrx_word' id='word_1_285' title='bbox 597 3809 719 3870; x_wconf 87' lang='lat' dir='ltr'><strong>collatio</strong></span> <span class='ocrx_word' id='word_1_286' title='bbox 737 3807 888 3869; x_wconf 84' lang='lat' dir='ltr'><strong>versionis</strong></span> <span class='ocrx_word' id='word_1_287' title='bbox 907 3806 1123 3868; x_wconf 74' lang='lat' dir='ltr'><strong>Alexandrinae</strong></span> <span class='ocrx_word' id='word_1_288' title='bbox 1141 3808 1221 3869; x_wconf 80' lang='lat' dir='ltr'><strong>Lxx</strong></span> 
     </span>
     <span class='ocr_line' id='line_1_39' title="bbox 133 3890 1223 3979; baseline -0.004 -20"><span class='ocrx_word' id='word_1_289' title='bbox 133 3898 357 3979; x_wconf 84' lang='lat' dir='ltr'><strong>interpretum,</strong></span> <span class='ocrx_word' id='word_1_290' title='bbox 372 3896 520 3958; x_wconf 85' lang='lat' dir='ltr'><strong>versionis</strong></span> <span class='ocrx_word' id='word_1_291' title='bbox 534 3895 667 3972; x_wconf 86' lang='lat' dir='ltr'><strong>Syriacae</strong></span> <span class='ocrx_word' id='word_1_292' title='bbox 686 3894 827 3955; x_wconf 89' lang='lat' dir='ltr'><strong>Peschito</strong></span> <span class='ocrx_word' id='word_1_293' title='bbox 840 3893 946 3962; x_wconf 86' lang='lat' dir='ltr'><strong>dictae,</strong></span> <span class='ocrx_word' id='word_1_294' title='bbox 963 3900 1054 3969; x_wconf 89' lang='lat' dir='ltr'><strong>atquc</strong></span> <span class='ocrx_word' id='word_1_295' title='bbox 1071 3890 1223 3972; x_wconf 79' lang='lat' dir='ltr'><strong>fragmen-</strong></span> 
     </span>
     <span class='ocr_line' id='line_1_40' title="bbox 134 3978 1222 4058; baseline -0.004 -12"><span class='ocrx_word' id='word_1_296' title='bbox 134 3983 422 4046; x_wconf 86' lang='lat' dir='ltr'><strong>torumversiouuui</strong></span> <span class='ocrx_word' id='word_1_297' title='bbox 436 3981 570 4058; x_wconf 90' lang='lat' dir='ltr'><strong>Aquilae,</strong></span> <span class='ocrx_word' id='word_1_298' title='bbox 589 3979 813 4041; x_wconf 88' lang='lat' dir='ltr'><strong>Theodotionis</strong></span> <span class='ocrx_word' id='word_1_299' title='bbox 830 3987 862 4038; x_wconf 94' lang='lat' dir='ltr'><strong>et</strong></span> <span class='ocrx_word' id='word_1_300' title='bbox 880 3978 1064 4058; x_wconf 86' lang='lat' dir='ltr'><strong>Symmachi.</strong></span> <span class='ocrx_word' id='word_1_301' title='bbox 1083 3980 1128 4039; x_wconf 82' lang='lat' dir='ltr'><strong>iix</strong></span> <span class='ocrx_word' id='word_1_302' title='bbox 1139 3980 1222 4042; x_wconf 88' lang='lat' dir='ltr'><strong>hisce</strong></span> 
     </span>
     <span class='ocr_line' id='line_1_41' title="bbox 135 4064 1223 4146; baseline -0.002 -13"><span class='ocrx_word' id='word_1_303' title='bbox 135 4069 332 4133; x_wconf 62' lang='lat' dir='ltr'><strong>temonibus</strong></span> <span class='ocrx_word' id='word_1_304' title='bbox 350 4075 452 4128; x_wconf 88' lang='lat' dir='ltr'><strong>autern</strong></span> <span class='ocrx_word' id='word_1_305' title='bbox 471 4068 570 4146; x_wconf 90' lang='lat' dir='ltr'><strong>liquet</strong></span> <span class='ocrx_word' id='word_1_306' title='bbox 587 4067 621 4127; x_wconf 89' lang='lat' dir='ltr'><strong>iu</strong></span> <span class='ocrx_word' id='word_1_307' title='bbox 640 4072 755 4128; x_wconf 86' lang='lat' dir='ltr'><strong>textum</strong></span> <span class='ocrx_word' id='word_1_308' title='bbox 776 4064 933 4127; x_wconf 75' lang='lat' dir='ltr'><strong>hebreum</strong></span> <span class='ocrx_word' id='word_1_309' title='bbox 954 4064 1056 4146; x_wconf 89' lang='lat' dir='ltr'><strong>piures</strong></span> <span class='ocrx_word' id='word_1_310' title='bbox 1072 4066 1223 4131; x_wconf 81' lang='lat' dir='ltr'><strong>variantes</strong></span> 
     </span>
    </p>
   </div>
   <div class='ocr_carea' id='block_1_5' title="bbox 135 4152 1089 4286">
    <p class='ocr_par' dir='ltr' id='par_1_8' title="bbox 135 4152 1089 4286">
     <span class='ocr_line' id='line_1_42' title="bbox 135 4152 1089 4286; baseline 0.003 -70"><span class='ocrx_word' id='word_1_311' title='bbox 135 4152 288 4219; x_wconf 84' lang='lat' dir='ltr'><strong>lectiones</strong></span> <span class='ocrx_word' id='word_1_312' title='bbox 298 4154 466 4231; x_wconf 86' lang='lat' dir='ltr'><strong>irrepsisse.</strong></span> <span class='ocrx_word' id='word_1_313' title='bbox 1061 4239 1089 4286; x_wconf 51' lang='lat' dir='ltr'><em>w</em></span> 
     </span>
    </p>
   </div>
   <div class='ocr_carea' id='block_1_6' title="bbox 0 0 1358 4846">
    <p class='ocr_par' dir='ltr' id='par_1_9' title="bbox 0 0 1358 4846">
     <span class='ocr_line' id='line_1_43' title="bbox 0 0 1358 4846; baseline 0 2"><span class='ocrx_word' id='word_1_314' title='bbox 0 0 1358 4846; x_wconf 95' lang='lat' dir='ltr'><strong> </strong></span> 
     </span>
    </p>
   </div>
  </div>
 </body>
</html>
