2708 4846
140 466 173 521 ib
331 472 336 485 ¹
545 464 591 516 ott
608 462 816 516 otvlnlrtre

176 548 334 639 Origiuem
346 555 418 620 fidel
435 554 474 620 de
489 550 590 638 magia
609 558 777 627 diabolica,
790 551 982 635 quamhomo
1005 550 1038 614 vl
1057 550 1212 633 potestatis

138 646 312 707 aDaemoue
324 649 458 721 acceptae
471 660 614 705 exercere
627 653 743 723 posset,
758 641 871 722 triplici
886 656 923 701 ex
936 654 1026 701 eausa
1037 639 1211 718 repetimus.

174 732 284 790 Prima.
297 733 347 791 Eo
357 730 505 791 bomirtum
515 732 708 808 passionibus.
718 731 898 809 lmpostores
907 733 1097 788 secretorum
1102 731 1213 785 netum

137 831 247 895 gnaros
267 818 305 879 ab
318 818 407 878 initio
428 817 609 878 exercitium
627 835 688 878 suec
706 816 841 878 scientiae
858 812 1048 893 mysteriosis
1065 811 1212 885 formulis,

136 905 299 984 verbisque
312 903 592 983 inintelligibitibus
604 905 762 965 comitatos
775 918 857 972 esse,
870 908 904 960 ut
916 917 1027 960 nomen
1040 906 1093 961 aut
1106 898 1214 960 emolu·

136 999 240 1052 menta
257 991 318 1052 sibi
335 996 546 1071 procurarent,
567 990 657 1051 facile
677 987 817 1049 admittet
836 988 1019 1065 quicumque
1045 984 1214 1062 hujusmodl

136 1076 334 1156 impostorum
358 1077 555 1137 ambitionem
587 1084 619 1136 et
643 1075 800 1136 avaritiam
824 1075 933 1135 noscit.
960 1074 1043 1150 Quid
1065 1090 1129 1134 non
1145 1072 1214 1134 lecit

136 1162 365 1225 ldubammedes
374 1161 413 1224 ad
420 1170 533 1224 sectam
541 1179 626 1224 suam
633 1161 848 1222 instituendam
857 1176 893 1221 ac
900 1159 1214 1241 propagandamtque

135 1265 199 1312 non
212 1253 373 1314 ementitus
385 1257 432 1311 est
447 1250 487 1312 de
503 1248 744 1330 apparitionibus
760 1248 937 1327 archangeli
950 1247 1127 1307 Gabrielisl
1137 1245 1214 1322 Quid

135 1353 198 1398 non
210 1337 283 1398 lacit
293 1336 385 1398 homo
396 1338 489 1397 futuri
500 1336 649 1397 noscendi
661 1334 784 1405 avidus,
797 1334 966 1414 deperditae
979 1334 1120 1394 sanitatis
1130 1350 1213 1393 recu·

134 1424 295 1504 perandae,
308 1431 360 1485 aut
371 1424 485 1485 insanae
496 1422 622 1484 ultionis
635 1421 815 1483 exercende
829 1421 971 1502 cupidus,
981 1427 1143 1481 autamore
1150 1436 1213 1498 per·

136 1509 239 1572 ditus?
254 1508 384 1592 scopum
396 1527 483 1571 suum
493 1508 605 1570 mediis
616 1507 710 1569 licitis
726 1508 868 1568 obtinere
886 1506 967 1568 haud
979 1506 1102 1578 valens,
1117 1505 1211 1568 dicit:

319 1634 430 1685 flectere
439 1633 462 1685 sl
471 1646 569 1696 nequeo
578 1633 698 1695 Superos,
709 1632 847 1682 acheronta
857 1632 972 1681 movebo.

12 1800 15 1807 ι
136 1762 246 1826 Adibit
257 1772 422 1844 proetensos
432 1780 539 1844 magos
550 1769 601 1824 ant
611 1777 712 1842 sagas,
725 1767 759 1823 ut
770 1761 905 1823 medium
916 1774 977 1822 suae
988 1760 1124 1840 passioni
1134 1758 1214 1824 satis

136 1849 270 1914 faciendi
283 1852 457 1913 edoccatur.

173 1939 321 2000 Secunda.
335 1942 384 2000 Ex
396 1937 601 2015 Polytbeismo.
621 1938 698 2001 Cum
711 1938 795 1999 enim
806 1935 946 1999 Gentiles
963 1940 1062 1996 totmn
1072 1933 1134 1997 lroo
1149 1935 1215 1998 uni·

135 2038 273 2092 versum,
292 2040 421 2100 quaque
440 2024 474 2083 in
487 2023 542 2082 illo
556 2020 647 2093 fiunt,
667 2039 686 2083 a
703 2024 783 2094 Diis,
794 2023 962 2101 ‚geniisque
974 2020 1066 2082 bonis
1084 2022 1215 2084 ecmelis

14 2126 22 2154 ν
135 2107 241 2186 dirigi,
255 2107 340 2178 deos,
348 2110 514 2186 geniosque
527 2107 619 2168 relus
630 2109 779 2177 omnibus,
794 2108 884 2169 bonis
896 2108 1044 2184 malisque
1058 2109 1215 2170 eventibus

135 2193 313 2271 praepositos
326 2192 547 2261 existimarent,
561 2191 690 2270 illosque
709 2191 860 2263 colerent,
874 2209 1064 2270 consequens
1079 2193 1154 2266 out,
1167 2210 1216 2256 eot

136 2283 171 2337 et
182 2276 257 2339 deos
268 2285 301 2337 et
311 2279 434 2356 genios,
452 2277 549 2338 bonos
561 2294 598 2339 ac
608 2278 718 2349 malos,
732 2296 789 2358 per
799 2279 899 2340 cultus
915 2279 975 2340 sibi
987 2278 1138 2360 propitios
1148 2280 1216 2342 rod·

136 2360 213 2422 dere
230 2369 354 2424 conatos
371 2361 568 2424 fuissentne
590 2363 805 2436 crediderunt,
826 2382 859 2426 se
879 2366 988 2443 genios
1005 2364 1046 2425 ad
1067 2365 1216 2445 agendum

136 2447 282 2510 iuducere
302 2466 391 2528 posse
409 2450 502 2511 certis
519 2449 673 2523 formulis,
692 2458 726 2513 ut
739 2469 793 2530 per
811 2453 966 2520 Concita,
986 2459 1019 2513 et
1029 2450 1099 2514 hoec
1111 2455 1217 2533 magia
1241 2524 1246 2533 Ι

135 2535 254 2613 species
268 2535 371 2599 Contio
383 2535 560 2615 (Cbormeo)
572 2536 666 2597 audit.
680 2537 901 2608 Autumabant,
915 2554 949 2598 se
963 2554 1016 2598 eos
1027 2553 1085 2616 per
1098 2540 1216 2609 61111111,

135 2627 188 2681 aut
205 2621 405 2683 instrumenta
422 2623 554 2695 mimica,
568 2623 703 2687 adlicere
715 2641 819 2704 posse,
838 2631 871 2686 et
882 2623 942 2684 hoc
954 2626 1122 2687 locottotio
1136 2624 1217 2702 (bs-

135 2706 331 2791 eboctement)
343 2711 466 2772 dieitur.
479 2711 729 2784 Arbitrabantur,
743 2730 777 2774 se
788 2729 845 2792 per
856 2718 954 2773 certas
967 2712 1111 2774 formulas
1128 2713 1216 2785 deos,

133 2803 187 2856 aut
198 2799 305 2876 genios
317 2798 357 2859 ad
373 2797 544 2859 evocandos
555 2806 690 2861 mortuos
708 2800 855 2860 iuducere
872 2816 977 2879 posse,
991 2807 1022 2859 et
1035 2799 1096 2862 hoc
1108 2802 1217 2864 Necro-

133 2886 248 2943 montio
258 2892 456 2963 nuncupatur.
470 2886 536 2947 Sibi
549 2902 725 2965 persuasum
744 2886 914 2955 habebant,
927 2903 961 2948 se
974 2903 993 2948 a
1005 2885 1081 2957 diis,
1100 2888 1153 2950 vel
1164 2904 1218 2967 go·

134 2969 209 3039 niis,
233 2987 283 3032 res
300 2972 416 3032 futuras
435 2976 467 3032 et
484 2987 535 3033 res
551 2973 686 3034 occultas
703 2990 831 3033 noscere
849 2990 955 3052 posse,
977 2981 1009 3033 et
1027 2972 1102 3034 inde
1125 2974 1217 3041 varie

132 3054 353 3118 Diobtotionum
375 3057 509 3136 species,
532 3059 683 3136 Assdbria,
708 3058 866 3137 Auspicio,
893 3067 953 3120 etc.
978 3057 1115 3135 proiecto
1138 3067 1216 3121 sont.

133 3139 283 3203 Arbitrati
295 3150 380 3215 sunt,
394 3159 428 3205 se
440 3159 500 3219 ope
511 3144 673 3221 geniorum
684 3144 769 3215 aliis,
783 3145 893 3222 quibus
904 3144 1036 3214 vellent,
1050 3144 1177 3207 morbos
1187 3150 1217 3207 et

133 3227 212 3288 mala
229 3229 395 3291 immittere
412 3245 518 3309 posse,
538 3237 572 3290 et
589 3231 664 3291 inde
683 3228 844 3307 blobficio.
859 3230 1065 3294 crediderunt
1077 3248 1112 3293 se
1128 3248 1216 3313 posse

133 3329 191 3391 per
202 3316 309 3392 genios
326 3316 423 3396 ligare
440 3316 585 3386 inientes,
605 3316 736 3393 illosque
752 3318 912 3394 quominus
924 3325 1100 3379 crescerent
1119 3319 1217 3397 impe·

134 3396 219 3469 dire,
240 3406 272 3460 et
295 3400 338 3460 ita
355 3399 510 3476 Sortiteqio
533 3407 613 3460 nata.
634 3402 868 3473 Existimabam,
888 3420 921 3464 se
940 3419 1030 3482 posse
1050 3420 1112 3482 ope
1131 3404 1215 3485 genii

133 3484 231 3630 amopi
242 3485 397 3562 praepositi
410 3501 544 3545 amorem
559 3485 630 3548 aliis
641 3486 807 3566 inspirare,
825 3495 915 3565 atque
927 3488 1001 3549 inde
1013 3488 1133 3551 Pbiltro
1147 3492 1215 3556 det·

134 3582 192 3629 cen
215 3575 313 3630 erunt.

171 3655 276 3715 Tertia
288 3655 386 3718 Coeo
404 3658 543 3720 consistit
560 3659 593 3721 in
611 3659 687 3741 ipsis
699 3660 912 3737 operationibus
928 3661 1064 3732 Diaboli,
1083 3664 1139 3742 qui
1150 3662 1215 3727 oul-

133 3742 199 3797 tum
210 3741 382 3803 indebitum
392 3742 452 3804 sibi
464 3752 667 3824 amogaturus,
680 3748 906 3828 complicesque
917 3764 1040 3809 suorum
1052 3752 1215 3813 criminum

134 3832 290 3925 nantinus,
304 3829 369 3908 egit
379 3828 452 3891 hinc
467 3830 541 3892 inde
554 3850 620 3912 quoe
632 3849 720 3896 neca
733 3836 798 3897 Deo
809 3851 870 3897 nec
881 3834 922 3896 ab
931 3834 1113 3899 bominibus
1125 3836 1215 3917 proli·

135 3923 210 3972 c1scr
221 3922 376 3993 poterant,
388 3920 454 3980 Deo
466 3919 500 3979 id
511 3921 685 3998 specialiter
695 3923 892 4004 permittente
904 3923 938 3985 in
951 3940 1072 4004 poenam
1084 3927 1216 3988 notario·

135 4011 204 4151 {111ss
214 3996 386 4150 hqiqlfipum
399 4007 453 4085 qui
463 4005 550 4071 illum
561 4008 758 4086 deserebant,
771 4019 806 4075 ut
818 4011 977 4094 flagitiosis
988 4012 1051 4075 suis
1063 4013 1217 4092 passioni·

159 4099 195 4147 te
206 4101 239 4149 sa
306 4099 439 4155 cereut.·
