2708 4846
142 463 189 514 ero
552 462 596 509 nu
615 459 811 510 aurueurm

142 558 262 635 signum
284 552 409 633 petierit
428 551 489 632 (ib.
509 571 539 613 v.
564 553 631 629 l8),
651 561 682 612 et
694 552 765 611 binc
788 550 914 628 angelus
933 549 996 628 ipsi·
1010 548 1090 609 dixit
1103 565 1112 607 t
1126 547 1208 608 allon

143 658 160 696 s
173 640 287 717 poteris
299 638 382 716 loqui
392 655 447 717 pro
460 653 497 696 eo
510 636 591 714 quod
602 654 663 697 non
677 635 832 697 credidisti
850 636 897 710 (v.
911 633 975 709 20).
992 655 1007 690 n

182 755 213 766 -
224 719 892 800 Probandumessetlcgihevitici(2l‚l7)ob
904 719 1059 796 insignem
1068 713 1209 776 Zacharia

143 809 333 869 sanctitatem
344 807 403 867 hoc
416 808 448 867 in
461 824 531 867 casu
542 823 604 867 non
622 806 714 866 fuisse
732 805 922 883 derogatum3
936 820 975 863 ex
989 819 1027 863 co
1044 802 1127 862 enim
1140 799 1210 877 quod

143 891 194 951 lex
211 892 325 970 aliquid
344 893 483 974 praecipit
503 889 644 952 concludi
662 907 723 951 non
748 896 848 970 potest
871 888 903 949 id
924 886 1101 948 executioni
1119 883 1210 944 datum

142 977 408 1041 missensem
423 976 518 1038 verba
529 978 618 1036 Lucae
631 975 711 1045 ma
726 995 733 1034 :
749 995 765 1031 n
778 976 822 1033 Ut
838 973 955 1052 impleti
967 978 1040 1057 sunt
1052 970 1121 1031 dies
1130 968 1210 1031 officii

144 1062 248 1121 »abiit
268 1063 302 1122 in
321 1062 443 1123 domum
461 1079 545 1122 suam
565 1081 581 1117 a
603 1077 664 1119 non
683 1058 813 1139 probant
837 1058 1016 1119 Zachariam
1035 1055 1110 1116 illuc
1126 1067 1211 1131 usqu

142 1148 321 1208 sacerdotali
343 1147 441 1209 oiiicio
463 1147 597 1207 iunctum
617 1161 698 1217 esse,
716 1144 772 1206 sed
791 1143 975 1206 solummodo
997 1159 1071 1202 eum
1089 1148 1152 1202 tota
1167 1153 1210 1200 sm

28 1288 31 1294 .
142 1228 333 1293 hebdomade
359 1233 391 1293 in
418 1232 530 1310 templo
554 1230 708 1291 mansisse.
727 1231 822 1289 Immo
838 1226 947 1289 exinde
964 1225 1050 1303 quod
1062 1224 1210 1286 Zacharias

142 1316 223 1378 intra
232 1333 343 1377 novem
355 1314 741 1394 mensesgraviditatissuoe
751 1313 887 1391 conjugis
898 1308 1210 1390 nonlegaturadtem-

142 1402 226 1480 plum
245 1418 385 1462 reversus
403 1417 483 1472 esse,
497 1417 565 1461 cum
584 1407 685 1460 umen
704 1400 821 1459 interea
832 1404 1008 1460 recurrente
1023 1397 1092 1475 ejus
1103 1393 1209 1455 hebdo-

142 1485 231 1546 made
250 1487 322 1546 illuc
340 1487 455 1548 reverti
473 1485 643 1556 debuisset,
667 1485 767 1565 potius
789 1481 982 1545 confirmatur
1002 1481 1093 1542 illum
1114 1493 1208 1560 reapse

142 1580 258 1632 mutmn
270 1572 371 1633 tuisse.

178 1656 211 1716 5⁰
219 1659 328 1736 Magna
344 1659 517 1718 reverentia
538 1657 625 1718 libris
644 1657 757 1720 divinis
773 1641 947 1726 exhibetur,
962 1653 1037 1714 dum
1054 1649 1207 1714 amatu

142 1742 215 1804 losis
233 1744 424 1820 antiquorum
444 1743 563 1823 scriptis
579 1750 788 1823 comparantur
820 1740 1022 1819 Evangelistae
1040 1734 1207 1799 sufficieutia

142 1830 228 1909 signa
240 1831 376 1892 veritatis
388 1830 539 1891 dederunt
552 1831 646 1903 (coni.
657 1848 689 1892 n.
702 1829 842 1906 bil-dil)
851 1844 891 1889 ne
908 1828 977 1906 quis
989 1833 1136 1888 vereatur
1150 1822 1208 1884 illos

142 1916 215 1977 laisa
224 1918 306 1978 veris
318 1918 522 1979 admiscuisse.

180 2003 295 2063 Auctor
314 2002 426 2063 adserit
446 2011 535 2081 caput
551 2003 680 2083 primum
700 2003 818 2063 Lucaea
836 2020 866 2062 v.
878 1999 896 2059 5
908 2016 1002 2077 usque
1017 1998 1057 2060 ad
1069 1995 1208 2066 linem,et

142 2095 233 2165 eaput
253 2088 419 2149 secundum
439 2088 533 2164 usque
553 2089 591 2148 ad
609 2108 639 2149 v.
653 2087 690 2148 59
707 2088 766 2165 piis
781 2084 953 2147 fictionibus
965 2085 1080 2146 reierta
1093 2098 1170 2153 esse,
1181 2086 1208 2139 et

142 2168 280 2244 primitus
291 2170 323 2228 in
334 2170 514 2246 cognatione
524 2171 650 2229 loannis
658 2169 799 2247 Baptistae
810 2175 841 2227 et
851 2169 881 2227 d.
893 2168 929 2230 C.
938 2167 1106 2244 composita
1114 2163 1204 2227 tusc.

142 2259 233 2329 atque
254 2253 297 2312 ita
317 2270 334 2313 a
353 2255 434 2313 Luca
453 2254 618 2331 Evangelio
637 2254 748 2314 inserta
770 2267 849 2322 csse3
870 2253 965 2311 Lucas
983 2268 1060 2312 vero
1080 2244 1206 2326 (chi)

142 2345 284 2407 testatur,
305 2355 337 2397 se
359 2338 458 2396 omnia
478 2354 497 2396 a
517 2338 645 2398 testibus
664 2338 791 2398 oculatis
813 2344 845 2397 et
864 2336 969 2396 auritis
990 2337 1160 2415 accepisse,
1178 2347 1207 2391 sc

141 2423 242 2481 omnia
255 2421 395 2481 adcurate
409 2421 607 2492 examinasse,
620 2438 655 2482 ac
666 2421 794 2501 proinde
806 2420 963 2481 historiam
975 2421 1116 2481 criticam
1123 2416 1208 2495 serip-

141 2507 230 2576 sisse‚
256 2512 290 2565 ut
313 2505 501 2583 Theophilus
524 2505 645 2584 plenam
668 2506 881 2567 certitudinem
904 2505 1036 2566 haberet
1059 2501 1207 2584 religionis

140 2589 311 2650 christianae
328 2607 419 2666 quam
431 2590 554 2651 edoctus
568 2592 673 2652 iuerat.
693 2591 768 2666 Quis
782 2608 854 2669 ergo
874 2589 966 2652 fidem
978 2591 1162 2653 moraturi).
1173 2587 1206 2649 G.

139 2674 258 2745 Paulus,
273 2691 311 2733 an
323 2677 353 2734 S.
365 2675 478 2735 Lucas?

176 2760 208 2816 l⁰
214 2761 245 2819 Si
257 2760 431 2822 Orientales
442 2779 510 2823 suas
519 2762 718 2838 cogitationes
729 2778 785 2841 per
797 2762 932 2842 dialogos
941 2763 1011 2824 illos
1024 2763 1108 2824 inter
1119 2769 1149 2824 et
1158 2759 1207 2820 ob-

136 2845 217 2930 jecta
233 2853 357 2904 externa
368 2864 475 2925 reapse
489 2849 705 2926 exprimerent,
719 2848 800 2926 quod
813 2850 1004 2910 falsissimum
1014 2867 1084 2911 esse
1092 2847 1207 2911 historia

138 2945 224 2989 sacra
236 2946 271 2988 ac
285 2930 409 3008 prolana
427 2938 566 3004 testatur,
585 2951 706 2994 sensum
718 2951 905 2995 communem
918 2953 980 2996 non
989 2934 1208 3004 haberentet-

138 3021 210 3093 pote
231 3013 282 3091 qui
305 3014 500 3092 loquerentur
517 3019 560 3078 ita
583 3026 618 3078 ut
636 3019 675 3079 ab
696 3019 764 3080 aliis
784 3021 916 3099 intelligi
936 3038 996 3082 nec
1013 3027 1139 3100 possent
1153 3033 1206 3079 nec

139 3097 265 3159 vellent.
284 3098 333 3160 Ad
351 3100 534 3178 colloquium
551 3104 645 3163 flevae
664 3121 732 3164 cum
748 3112 890 3183 serpente
906 3105 1002 3182 (Gen.
1018 3123 1045 3166 c.
1063 3105 1100 3182 5)
1112 3104 1209 3165 noua

138 3193 332 3265 provocatur,
347 3206 414 3248 cum
431 3189 505 3248 illud
520 3188 604 3266 juxta
618 3197 730 3250 textrun
742 3192 865 3251 obvium
878 3193 992 3270 Moysis
1006 3195 1126 3254 Hevam
1137 3192 1210 3251 inter

138 3279 170 3331 et
179 3280 352 3351 serpentem
363 3273 487 3334 realiter
498 3276 675 3353 contigerit,
686 3283 718 3336 et
730 3276 762 3335 in
772 3277 836 3337 sola
845 3278 940 3337 Herae
952 3285 1058 3339 mente
1070 3291 1209 3338 nonoon·

137 3356 260 3416 stiterit.

174 3441 206 3500 5⁰
216 3442 252 3501 D.
273 3441 310 3502 G.
331 3441 438 3501 Paulus
457 3443 489 3501 in
506 3451 682 3520 argumento
695 3444 908 3525 psychologico
921 3445 1064 3520 homines
1075 3445 1210 3529 supponit

136 3540 200 3585 non
217 3526 292 3585 tales
311 3525 417 3602 qualos
434 3544 487 3587 eos
499 3536 605 3588 natura
626 3529 779 3599 formavit,
795 3531 851 3591 sed
865 3532 970 3609 quales
987 3530 1055 3609 ejus
1067 3533 1210 3612 exagitata

137 3608 312 3687 imaginatio
330 3610 399 3669 illos
415 3611 474 3671 sibi
493 3620 701 3690 repraesentat.
715 3614 853 3675 Proiecto
866 3617 892 3676 si
906 3614 1048 3678 homines
1061 3619 1096 3678 in
1107 3634 1141 3678 se
1152 3614 1209 3686 colf

136 3693 225 3765 lecti,
239 3711 293 3755 seu
309 3696 341 3754 in
359 3696 485 3766 eustasi,
503 3696 631 3757 credent
652 3715 696 3758 se.
708 3699 815 3759 videre
833 3707 864 3760 et
883 3700 990 3761 audire
1008 3719 1080 3779 quae
1092 3719 1151 3762 nec
1168 3700 1209 3760 vi·

137 3779 211 3839 dent
222 3796 280 3841 nec
296 3780 436 3850 audiunt,
450 3799 508 3842 nec
521 3782 600 3843 huno
616 3799 749 3843 errorem
762 3793 866 3864 postea
878 3786 1142 3859 animadvertent,
1155 3784 1209 3848 col·

136 3864 228 3925 lectio
246 3867 353 3936 animi,
373 3884 427 3927 seu
448 3869 587 3939 enstasis,
603 3887 672 3929 cum
690 3872 807 3930 somnio
826 3874 995 3950 comparari
1013 3875 1143 3953 poterit,
1161 3869 1208 3935 sed

136 3955 200 4007 turm
213 3949 351 4012 homines
364 3953 473 4031 vigiles
485 3955 690 4024 somniabunt;
702 3972 794 4031 quare
802 3957 839 4016 D.
850 3956 888 4016 G.
899 3958 1009 4019 Paulus
1022 3961 1120 4021 multo
1128 3973 1209 4038 expe

137 4033 229 4094 dititrs
249 4035 385 4107 iecisset,
404 4040 431 4099 si
453 4039 591 4099 breviter
612 4039 738 4101 dixisset
767 4040 944 4103 Zachariam
958 4050 1053 4106 totam
1069 4046 1208 4108 visionem
