2708 4846
139 472 188 526 208
542 476 586 524 llll
605 473 816 527 hvvflnnvtt
1229 464 1232 495 ¹

176 567 222 627 Ut
230 564 456 628 difficultatibus
464 564 552 644 hujus
563 568 637 628 libri
649 568 739 629 modo
753 580 941 646 quocumque
954 562 1091 627 satisfieri
1098 568 1190 645 posset,
1229 552 1232 591 ³

142 662 279 716 constare
292 654 440 734 imprimis
452 662 606 734 oporteret
637 662 736 715 utrum
753 662 850 715 textus
862 669 993 733 μεως,
1010 661 1060 713 aut
1071 652 1192 715 ionahti·

140 739 190 810 ni,
206 741 388 819 originarius
404 740 496 810 leret,
512 748 543 800 et
559 748 660 800 utrum
673 748 771 800 textus
786 756 917 819 graecus,
933 746 986 799 aut
1003 739 1110 800 latinus
1120 736 1191 799 morlo
1230 778 1232 787 ·

141 827 276 888 exactior
292 833 387 898 esset3
402 843 472 887 uam
489 825 576 904 juxta
593 834 708 887 textum
726 843 858 905 graeerun
873 823 1000 887 historia
1016 824 1118 887 Judith
1140 830 1191 907 post

140 914 349 992 captivitatem
369 913 598 991 babylonicam,
620 919 652 973 et
674 911 757 990 juxta
777 920 891 973 textum
909 911 1038 972 latinum
1053 918 1119 974 ante
1132 910 1190 973 hono

141 1000 348 1079 captivitatem
362 1000 500 1060 evenisse
509 998 609 1059 videri
620 1007 732 1078 posset.
746 1000 859 1058 Textus
872 1014 989 1077 graecus
1001 998 1190 1061 estvetustiasi·

139 1098 221 1155 mus,
238 1093 269 1146 et
283 1084 345 1162 jam
357 1085 467 1145 saeculo
479 1085 577 1164 primo
594 1101 611 1145 a
628 1085 659 1144 S.
677 1085 836 1147 Clemente
849 1086 985 1145 Romano
998 1086 1030 1144 in
1044 1082 1189 1165 epistolari

16 1221 21 1233 .
140 1169 316 1233 Corinthios
329 1172 437 1232 citatus
450 1170 516 1231 luit.
531 1172 640 1231 Vorsio
656 1171 773 1247 syriaca
786 1177 817 1229 et
829 1171 947 1242 italica,
962 1188 1046 1249 quea,
1060 1180 1189 1250 antequa

140 1259 240 1319 versio
253 1259 283 1319 S.
301 1258 481 1335 Hieronymi
494 1257 635 1341 adoptata
646 1263 741 1329 esset,
762 1258 794 1317 in
811 1257 981 1318 Occidente
998 1258 1188 1332 adhibitaluit,

138 1338 223 1422 juxta
236 1345 334 1424 ipsum
346 1344 433 1405 iaetae
443 1350 522 1404 sunt.
1230 1386 1232 1399 .

177 1432 290 1493 Textus
301 1431 413 1493 latinus
430 1431 569 1509 vulgatae
582 1430 773 1492 descendite
791 1436 875 1490 textu
896 1428 1069 1503 chaldaico,
1083 1430 1188 1511 quenl

141 1514 343 1595 Hieronymus
354 1515 392 1576 ad
406 1533 514 1595 preces
523 1516 623 1576 Paulae
638 1521 669 1575 et
678 1515 832 1575 Eustochii
844 1515 939 1576 latine
952 1516 1100 1590 reddidit,
1113 1516 1189 1579 etori·
1211 1574 1215 1579 .

139 1601 291 1680 ginarium
304 1602 379 1662 libri
400 1600 509 1661 Judith
525 1602 700 1662 autumavit.
718 1603 832 1661 Verum
848 1601 951 1662 multis
968 1602 1190 1683 disputationibus

140 1685 425 1767 difficultatibusque
443 1688 593 1766 originem
606 1686 706 1760 dedit,
725 1704 793 1747 eum
806 1687 838 1746 in
854 1686 1032 1766 praelatione
1049 1687 1086 1749 ad
1105 1688 1191 1749 librvrx
1213 1736 1217 1747 .

139 1773 248 1836 Judith
264 1774 346 1836 dieat
360 1794 368 1834 :
383 1795 400 1831 u
419 1776 517 1854 Magis
536 1791 656 1836 sensum
673 1791 691 1834 e
707 1791 798 1835 sensu
815 1789 904 1851 quam
922 1790 960 1833 ex
978 1775 1075 1836 verbo
1090 1776 1189 1837 verbm

140 1877 158 1917 u
170 1859 368 1934 transferens,
378 1859 540 1920 multorum
549 1858 688 1920 eodIeum
696 1860 874 1920 varietatem
886 1858 1107 1921 vitiosissimam
1114 1876 1189 1940 ampo

139 1965 157 2005 u
170 1947 249 2019 tavi,
263 1948 384 2020 solaea,
396 1964 462 2026 quae
475 1947 680 2026 intelligentia
692 1947 811 2026 integra
821 1962 860 2005 ex
869 1945 972 2007 verbis
981 1945 1122 2011 chaldaeis
1129 1948 1189 2009 inve

139 2034 238 2094 unire
250 2036 352 2114 potui,
367 2035 470 2095 latinis
488 2033 661 2113 expressi.»
895 2024 903 2039 '
1119 2066 1126 2078 ·

150 2158 159 2175 .
175 2120 222 2179 Ex
232 2138 290 2198 quo
300 2120 664 2198 liquctS.Hieronymum
672 2119 834 2180 varietates
841 2118 1050 2198 vitiosissimas
1057 2120 1142 2181 multo

137 2203 279 2267 codicum
299 2206 462 2265 latinorum
478 2213 663 2283 amputasse,
685 2211 717 2264 et
739 2206 771 2263 in
793 2221 847 2264 sua
866 2204 1007 2264 versione
1032 2203 1189 2267 solumnodo

138 2292 290 2373 posuisse,
310 2308 378 2368 quac
400 2292 433 2350 in
453 2289 517 2368 ejus
535 2290 700 2371 exemplari
735 2290 890 2352 chaldaico
912 2291 1104 2370 intelligibilia
1116 2296 1189 2355 unt

138 2376 313 2457 Optaudum
321 2377 425 2437 fuisset
439 2384 473 2436 ut
485 2378 516 2437 S.
530 2377 733 2454 Hieronymus
744 2376 825 2437 hune
848 2377 962 2438 librum
970 2379 1191 2442 litteraliterrer

138 2462 242 2534 timet,
260 2469 295 2522 ut
311 2463 387 2523 alios
400 2463 508 2523 Libros
529 2478 629 2523 sacros
645 2464 761 2523 vertit:
782 2463 814 2522 iu
831 2463 931 2525 libera
947 2465 1031 2526 enirn
1048 2462 1191 2545 hujumodi

137 2546 340 2618 traductione,
351 2549 404 2609 ubi
416 2547 602 2608 solvunmodo
614 2565 717 2609 sensus
726 2549 879 2619 redditur,
891 2550 1071 2629 quandoque
1081 2550 1192 2632 quaeom

138 2633 379 2716 supprimuntur,
403 2652 469 2712 quae
490 2635 517 2696 si
541 2640 692 2706 extarent,
713 2632 904 2697 difficultates
926 2637 1192 2717 complanarent,ot

138 2721 276 2799 quaedam
288 2722 455 2795 adduntur,
469 2739 537 2800 quae
549 2719 741 2783 difficultates
754 2739 863 2802 parere
877 2732 1011 2802 possunt.
1026 2726 1193 2790 Cunarum

138 2810 169 2868 S.
183 2808 386 2887 Hieronymus
394 2826 456 2869 non
467 2808 568 2868 edicat
594 2825 748 2885 quousque
760 2826 793 2869 sc
805 2807 871 2869 haec
880 2808 1007 2872 libertas
1016 2811 1193 2874 sensiunsinr

137 2893 260 2972 pliciter
277 2911 296 2953 e
314 2912 404 2956 sensu
422 2893 573 2955 reddendi
596 2893 753 2964 extendat,
776 2900 934 2973 textusque
951 2894 1137 2970 chaldaicus,
1148 2910 1194 2977 qut

138 2981 247 3041 saeculo
261 2982 366 3057 quinto
380 2981 525 3042 Ecclesiae
536 2998 607 3040 usus
622 2987 682 3051 est,
695 2981 733 3041 nd
746 2999 801 3042 nos
814 2999 874 3041 non
887 2985 1079 3060 pervenerit,
1096 2985 1134 3047 de
1143 3000 1194 3045 cor·

1220 1996 1232 2059 'i

137 3064 285 3142 sorora'tate
308 3065 429 3128 litterali
449 3066 514 3147 ejus
531 3066 679 3129 versionis
700 3084 768 3126 oum
792 3072 878 3129 textu
904 3067 1062 3132 chaldaico
1079 3069 1193 3150 judicato

137 3167 307 3231 nequimus.

175 3238 309 3300 Aliunde
324 3238 450 3299 minime
464 3245 580 3299 eertum
593 3245 652 3310 est,
667 3245 782 3300 textum
794 3237 984 3300 chaldaicum
996 3241 1090 3304 lursse
1101 3248 1195 3305 textum

138 3327 334 3405 originarium
345 3326 418 3385 libri
427 3327 446 3384 J
449 3325 534 3386 udith
546 3345 554 3384 ε
567 3326 593 3387 si
606 3328 687 3386 eninr
698 3326 757 3387 hoe
767 3334 883 3387 eertum
894 3335 982 3399 esset,
997 3330 1091 3390 etiam
1100 3338 1196 3392 certum

138 3411 216 3471 ioret
237 3411 319 3470 hune
328 3410 441 3469 librum
454 3411 598 3489 scriptrnn
611 3428 677 3471 esse
689 3419 756 3490 post
768 3412 974 3490 captivitatem
986 3414 1195 3494 babylonicam:

138 3514 208 3558 eum
219 3495 342 3555 Hebraei
353 3502 441 3555 antea
454 3493 608 3557 chaldaice
622 3515 682 3556 nou
695 3498 876 3570 seriberent,
890 3506 921 3559 et
933 3500 1197 3565 verisimiliterhis·

138 3580 331 3643 toriadudith
341 3588 409 3660 post
421 3580 498 3642 hane
508 3583 713 3661 captivitatem
723 3584 888 3654 evenisset,
902 3585 1046 3649 eumhaeo
1057 3590 1197 3671 captivitat

138 3668 176 3729 70
187 3667 273 3728 annis
285 3666 453 3736 duraverit,
463 3673 493 3726 et
505 3667 630 3727 historia
641 3668 745 3730 isthaec
756 3677 799 3729 tot
812 3672 898 3731 annis
908 3672 1015 3733 relicta
1028 3692 1091 3735 uon
1099 3674 1197 3745 bisso,

138 3754 212 3830 quin
224 3751 335 3830 scripto
345 3751 605 3813 mandataiuisset.
618 3754 653 3812 ln
665 3756 817 3816 sententia
828 3764 938 3830 autem,
948 3776 1016 3836 quae
1028 3758 1107 3822 hanc
1118 3760 1199 3823 histo·

138 3837 215 3901 riam
229 3847 296 3919 post
308 3838 513 3919 captivitatem
529 3838 741 3918 babylonicam
756 3843 898 3914 collocat,
915 3844 1109 3909 difficultates
1126 3849 1199 3911 inex·

139 3923 297 4001 plicabiles
306 3930 475 3985 occurrunt.
485 3923 635 3988 Caeterum
645 3926 735 3987 cardo
748 3925 956 3990 difficultatum
968 3930 1058 4009 hujus
1069 3932 1141 3994 libri
1152 3936 1198 4001 est,

141 4005 221 4084 quod
232 4017 368 4070 auctores
378 4009 524 4069 librorum
531 4012 647 4089 Regmn
654 4018 685 4071 et
693 4012 952 4092 Paralipomenon,
963 4032 998 4078 ac
1007 4017 1053 4078 Fl.
1062 4021 1082 4078 J
1084 4016 1199 4101 oseplrxc

139 4092 182 4155 de
192 4091 248 4154 hac
258 4092 383 4157 historia
394 4102 456 4157 tam
466 4096 701 4161 extraordinaria
716 4115 836 4178 prorsru
847 4100 969 4181 sileant,
980 4110 1012 4170 et
1022 4104 1056 4171 in
1066 4102 1198 4175 eiacullfl
