2708 4846
397 477 586 526 LIBAORU!
606 478 802 529 thehohttat.
1026 438 1030 445 Ι
1096 484 1149 533 m

96 565 1143 652 Jacobmiortesehpostolumnonvocat,quodutEpiscopuslliere

58 650 258 729 solymitanus
270 653 413 712 continuo
425 654 645 733 Hierosolymis
655 665 891 719 commoraretur
904 666 1009 719 eontra
1024 677 1144 724 morem

57 736 189 797 aliorum
202 737 431 815 Apostolorum,
443 747 473 798 ct
482 740 563 815 quod
574 741 689 802 Judaeis
700 744 855 803 conversis
866 742 989 805 aliunde
995 752 1041 805 sat
1052 753 1142 809 notus

58 828 149 882 esset.
160 820 313 882 Cseterum
330 822 362 882 iu
380 824 532 901 aliquibus
549 825 706 888 codicibus
719 829 842 905 graecis,
856 829 889 888 in
903 830 966 907 ipsa
979 831 1057 890 Bizce
1074 831 1143 891 edi·

59 907 158 980 tione,
172 916 264 986 atque
277 909 309 967 in
322 911 514 971 versionibus
525 913 657 989 syriaca,
673 914 795 974 arabica
808 922 839 975 et
851 914 1013 995 aetbiopice
1027 933 1142 979 nomeu

56 993 199 1073 Apostoli
211 994 244 1054 in
256 992 354 1054 fronte
368 995 456 1072 hujus
469 997 612 1074 Epistulas
623 998 744 1076 legitur.

93 1078 244 1138 Dixeruut
255 1077 307 1137 alii
325 1086 478 1138 auctorem
491 1080 634 1159 Epistolae
645 1082 855 1145 contradicere
867 1088 899 1144 S.
909 1085 1001 1145 Paulo
1014 1086 1048 1146 in
1064 1085 1142 1149 doc-

57 1162 189 1224 trinade
201 1163 271 1243 lege
282 1179 317 1223 ac
330 1163 419 1223 bonis
434 1166 587 1242 operibus.
614 1171 618 1177 '

98 1248 211 1307 vemm
223 1248 355 1309 Jacobus
368 1248 501 1325 loquitur
512 1250 552 1310 de
564 1251 634 1331 lege
647 1258 763 1312 naturae
775 1258 807 1313 et
820 1252 860 1314 de
871 1251 942 1332 lege
953 1253 1091 1327 Christi,
1107 1262 1144 1318 ct

56 1331 168 1395 Paulus
180 1332 219 1393 de
232 1331 302 1410 lege
314 1334 457 1394 illosaica.
795 1411 796 1415 Ἰ

94 1416 301 1493 Quorumdam
311 1418 437 1478 dubium
452 1419 491 1478 de
505 1427 628 1481 auctore
641 1419 729 1498 hujus
743 1420 887 1500 Epistolae
901 1419 1054 1499 quondam
1064 1440 1144 1485 eon-

55 1511 223 1580 sequenter
234 1504 340 1581 genuit
360 1507 574 1565 nonnullorum
586 1506 712 1566 dubium
730 1507 770 1567 dc
783 1506 847 1583 ejus
859 1507 1140 1569 auctoritateeano-

55 1589 137 1650 nica.
153 1588 356 1665 Hieronymus
368 1588 408 1648 dc
419 1591 535 1651 Jacobo
548 1592 682 1661 minore,
695 1593 842 1671 Apostolo
854 1634 862 1661 ,
874 1593 1003 1653 scribit:
1020 1595 1139 1654 «Unam

57 1692 75 1732 s
91 1675 214 1753 scripsit
225 1675 409 1754 Epistulam,
429 1694 496 1754 quse
513 1677 553 1737 de
567 1686 685 1756 septem
700 1677 860 1738 catholicis
873 1685 935 1747 est,
949 1695 1017 1755 quse
1030 1687 1061 1739 et
1072 1679 1139 1759 ipsa

34 1826 37 1830 ,
57 1779 75 1818 s
92 1761 131 1820 ab
144 1760 204 1820 alio
215 1760 344 1839 quodam
356 1762 412 1820 sub
425 1763 548 1822 nomine
563 1761 627 1838 ejus
641 1764 722 1823 edito
739 1764 892 1841 asseritur,
908 1762 984 1823 licet
995 1763 1139 1844 paulatim

56 1863 74 1903 s
92 1853 230 1925 tempore
239 1847 425 1924 procedente
439 1846 606 1906 obtinuerit
616 1848 826 1908 auctoritatem
842 1847 891 1907 ¹.»

91 1932 143 1992 ile¹
156 1939 261 1990 mente
284 1932 407 1991 liusebii
426 1932 509 1992 varia
531 1939 577 1992 est
600 1932 788 1992 eruditorum
807 1931 967 1992 sententia.
982 1931 1139 2009 Quidquid

54 2033 130 2081 uero
143 2017 198 2085 sit,
213 2022 338 2075 testatur
350 2016 497 2075 Eusebius
512 2016 534 2087 ¹,
548 2015 627 2076 hane
639 2016 802 2096 lipistolum
815 2034 869 2076 sno
881 2023 1017 2094 tempore
1031 2018 1062 2076 in
1074 2015 1140 2095 plu·

54 2101 1140 2180 rimisEcclesiislectamluisseetsubiinemsaeculiquinticessavitdu·

54 2188 141 2249 bium
161 2187 200 2248 de
217 2186 281 2264 ejus
293 2188 439 2247 canonica
456 2189 653 2258 auctoritate,
678 2204 746 2264 quae
763 2204 909 2268 sempera
923 2187 1041 2266 potiore
1052 2194 1139 2266 parte

53 2275 177 2341 Patrum
188 2272 372 2351 tuit-agnita,
387 2280 421 2332 ut
433 2290 449 2332 a
460 2274 600 2334 Patribus
611 2292 642 2333 n.
654 2274 722 2333 tte
735 2274 846 2344 citatis,
868 2281 899 2333 ct
917 2274 956 2333 ab
979 2272 1138 2352 Origene,

55 2359 196 2423 Concilio
228 2358 428 2428 hlilevitano,
463 2358 630 2437 Cypriane,
667 2359 850 2429 Athanasio,
882 2358 1016 2439 Ephrem
1044 2375 1138 2436 syro,

54 2445 206 2525 Gregorio
225 2445 434 2514 Nazianzeno,
454 2445 642 2522 Hieronymo
654 2489 662 2514 ,
685 2444 899 2523 Chrysostomo
911 2491 919 2516 ,
933 2445 1115 2524 Augustino
1126 2487 1140 2518 ,y

54 2528 229 2605 ilesychio,
243 2529 535 2619 Gregoridltiagno,
549 2529 745 2600 Cassiodoro,
759 2531 875 2590 Isidoro
886 2537 961 2600 etc,
977 2518 998 2595 ³.
1053 2606 1057 2614 Ι
1205 2540 1210 2549 ·

84 2665 197 2739 mlxx.
206 2689 237 2703 -
246 2630 325 2763 lu'hs
334 2665 488 2728 scriptionis,
498 2665 583 2778 111ξέ11Ι
586 2697 594 2722 ,
606 2665 678 2778 utus,
684 2664 784 2779 ¹opcaasio
793 2664 921 2725 proxime,
930 2667 1101 2725 argumentum
1111 2666 1139 2715 ct

230 2770 260 2825 ,ι
444 2746 531 2793 scopus
561 2744 614 2791 utus
634 2744 747 2793 piscus.

93 2852 167 2907 tao.
178 2846 310 2912 Juedbus
324 2851 440 2918 minor,
456 2849 614 2928 episcopus
630 2846 937 2922 hierosolymitanus,
952 2846 1038 2922 juxta
1050 2847 1140 2905 testi·

56 2937 160 2997 monia
178 2937 371 3013 antiquorum
391 2936 572 3014 scriptorum
595 2932 869 2993 ecclesiasticorum
895 2930 1139 3008 Hierosolymam

55 3037 219 3100 numquam
230 3022 355 3099 reliquit
370 3022 465 3094 (conl.
480 3019 547 3080 Gal.
560 3020 590 3088 l,
605 3016 660 3088 18,
679 3017 724 3076 19.
737 3020 805 3075 Act.
820 3016 871 3085 lt,
884 3014 986 3085 itt&
997 3016 1049 3084 il,
1061 3016 1114 3093 18)
1127 3035 1136 3085 3

55 3122 149 3185 quare
157 3106 222 3183 ejus
229 3105 589 3185 Epistolallierosolymis
598 3103 709 3182 scripta
720 3100 786 3171 luit,
795 3099 941 3159 idiomate
947 3115 1047 3177 graeco
1055 3101 1139 3162 circe

55 3209 168 3255 aunum
182 3191 269 3253 beot
282 3209 351 3252 aeree
364 3191 508 3268 vulgaris.

91 3277 374 3343 Occasionemhuic
390 3276 534 3354 Epistulae
547 3273 698 3335 dedenmt
710 3269 937 3349 persecutiones
946 3283 1019 3347 quas
1035 3265 1140 3330 sudet

56 3373 185 3427 amorte
196 3363 357 3442 Stephani,
368 3362 605 3440 protomartyris,
618 3362 650 3420 in
660 3361 735 3419 alios
744 3357 866 3417 Judteos
878 3371 1040 3418 conversos
1051 3369 1140 3415 exem

56 3450 182 3518 cebant,
196 3457 289 3526 atque
298 3448 436 3508 doctrina
447 3447 660 3506 nonnullorum
670 3442 953 3523 pseudodoctorum.

92 3536 315 3615 Argumentum
331 3533 425 3610 igitur
445 3541 477 3592 et
492 3550 599 3611 scopus
614 3531 755 3609 Epistulae
771 3530 803 3588 in
816 3527 876 3588 hoc
892 3528 1068 3589 consistunt.
1086 3526 1141 3584 ln·

55 3621 156 3683 tendit
167 3620 301 3681 lacobus
314 3618 517 3689 Christianos,
531 3626 562 3676 et
574 3618 741 3695 praesertim
752 3614 875 3674 Judoeos
891 3628 1069 3680 conversos,
1081 3624 1141 3690 per

54 3706 249 3769 Palaestinam
258 3707 392 3783 aliasque
404 3705 546 3783 regiones
558 3705 726 3782 dispersos,
739 3701 902 3781 epericulo
917 3698 1090 3779 apostasiae,
1106 3704 1140 3759 et

85 3814 177 3867 ²llicr.
189 3816 221 3865 dc
233 3816 322 3877 script.
334 3816 426 3863 Eccles.
438 3814 551 3862 lacobus.
562 3810 612 3849 -2
625 3813 727 3873 Euseb,
738 3813 756 3859 l.
767 3813 796 3872 t,
807 3825 830 3859 c.
840 3812 880 3859 23.
889 3835 919 3846 -
927 3807 939 3844 ³
947 3810 1029 3870 onp,
1040 3810 1111 3858 Hom.
1122 3809 1140 3858 1

54 3886 83 3937 h
91 3886 393 3937 suessonensium.
405 3885 430 3932 ’1.
441 3884 512 3945 cypr.
524 3885 541 3930 l.
554 3884 585 3931 sd
602 3883 771 3931 horatianum.
783 3881 886 3940 Athon,
897 3881 916 3928 1.
932 3879 965 3927 do
974 3879 1066 3928 decret.
1077 3879 1142 3940 Syn.
1241 3912 1244 3921 .

53 3956 147 4007 iiim.
158 3956 189 4016 1,
200 3954 277 4015 Epist.
289 3955 342 4002 itit.
357 3953 478 4014 Ephrem,
500 3952 577 4001 Sertis.
594 3952 624 4001 de
639 3951 727 4013 punit.
739 3952 811 4011 Creg.
832 3951 905 4009 han,
916 3949 995 3996 Serm.
1011 3949 1056 3997 18.
1067 3949 1142 3999 ilict.

10 4034 12 4043 ·
54 4024 134 4088 hplrt,
145 4024 178 4073 sd
187 4024 286 4072 Paulln
296 4023 396 4084 Chrys,
412 4022 457 4070 lib.
468 4023 497 4084 δ,
508 4021 539 4073 de
551 4022 644 4070 sacerd.
656 4022 717 4084 Aug.
730 4019 802 4070 inl’s.
813 4019 858 4081 51,
869 4018 945 4082 Epist.
956 4018 1000 4080 29,
1009 4018 1055 4068 lilt.
1065 4018 1144 4080 22⁶⁸

55 4094 140 4146 lieth.
150 4093 242 4145 Christ.
251 4092 359 4152 llesyeh.
370 4092 398 4141 in
407 4091 488 4141 berit.
828 4088 834 4101 '
1110 4098 1112 4102 ·
