2708 4846
463 491 645 541 truncatu
665 493 860 544 stelionum
1144 492 1196 543 alt

127 581 245 640 omino.
260 602 275 635 o
290 583 324 640 ln
337 581 415 642 libro
428 583 535 644 Judith
547 593 646 645 autem
663 603 725 647 non
741 587 893 647 dumtaxat
901 589 1059 660 ponuntm
1072 586 1196 649 nomina

124 669 241 744 propria
255 670 274 726 J
277 667 404 738 udithao,
416 669 574 742 Eliaehim,
588 673 740 745 Achioris‚
753 672 935 742 Holotomis,
948 678 1020 738 etc..
1037 672 1196 734 sedetiam

124 758 173 831 (c.
185 753 227 830 8)
240 753 420 834 genealogia
432 753 577 829 Judithae,
591 765 650 818 etc.

158 857 188 918 Γ
197 857 381 938 Λφὴωταά,
393 858 432 922 de
445 879 503 934 ouo
513 849 554 922 'in
565 861 651 925 'libro
669 860 776 926 Judith
788 864 838 944 (c.
851 865 866 926 l
877 909 886 938 ,
897 865 912 926 l
923 865 945 940 )’
954 862 989 926 fit
1004 857 1137 937 mentio,
1149 872 1195 927 cst

123 944 293 1017 Phraortes,
302 947 422 1026 Deiocis
432 947 521 1019 filius,
529 956 562 1009 ut
572 950 795 1016 ostendimusn.
803 952 1049 1014 Abhllerodotus
1058 952 1193 1023 scribit¹,

122 1028 288 1091 Phruorten
299 1033 442 1104 Persiam,
455 1040 605 1110 totamque
615 1036 679 1095 iere
691 1038 795 1098 Asiam
806 1037 988 1116 subjugasse,
999 1038 1053 1099 sed
1063 1039 1195 1100 Ninivcn

123 1124 154 1176 st
164 1118 356 1195 Assyrionmi
366 1120 525 1200 imperitum
532 1121 592 1183 sibi
601 1122 732 1184 subdere
744 1124 932 1205 molientem,
942 1128 1065 1198 victum,
1075 1134 1194 1206 captum

123 1208 152 1263 et
164 1205 298 1264 occisum
310 1204 411 1267 luisse.

156 1290 328 1350 Herodotus
339 1292 443 1369 utique
454 1293 560 1354 scribit
569 1294 592 1364 ¹,
605 1293 765 1371 Dejocem,
778 1293 967 1374 Arpharadis
977 1311 1031 1356 seu
1043 1293 1195 1358 Phraortis

119 1382 253 1454 patrem,
276 1377 383 1436 urbcm
405 1379 557 1439 Ecbatana
578 1379 765 1462 condidisse3
787 1397 892 1441 verum
915 1380 1052 1441 historici
1078 1381 1194 1459 profani

119 1476 206 1540 mque
222 1479 258 1522 ac
274 1464 351 1523 sacri
370 1462 490 1523 laudem
509 1471 651 1526 extructae
670 1465 755 1526 urbis
773 1482 836 1527 nou
852 1464 1005 1527 dumtaxat
1020 1465 1119 1546 primo
1130 1464 1194 1545 ejus

120 1547 285 1615 conditori,
298 1548 352 1609 sed
366 1550 456 1608 etiam
468 1547 533 1626 ejus
553 1550 742 1611 instauratori
757 1566 792 1612 ac
805 1548 1014 1630 amplificatori
1027 1552 1194 1613 attribuunt

119 1627 133 1707 (
140 1632 221 1692 coni.
236 1650 267 1692 n.
282 1633 338 1693 att
351 1633 396 1703 l⁰;
410 1641 441 1695 et
452 1634 518 1706 titt,
533 1634 562 1693 l⁰
572 1634 595 1710 ).
607 1635 754 1697 Historici
770 1636 887 1717 prolani
901 1643 932 1695 et
944 1635 1021 1696 sacri
1042 1636 1193 1698 Ecbatana

119 1726 154 1778 ut
163 1718 271 1779 urbem
284 1717 607 1798 magnificentissimam
617 1721 773 1792 exhibent,
788 1738 825 1780 ex
837 1738 896 1798 quo
907 1720 1015 1798 liquet,
1027 1737 1093 1782 eam
1102 1723 1194 1784 solius

119 1804 239 1882 Dejocis
249 1823 323 1884 opus
333 1804 413 1866 haud
422 1823 500 1867 osse.
512 1806 664 1867 Haocmhs
676 1823 694 1864 a
705 1805 818 1882 Dejoce
832 1806 973 1881 incoepta,
983 1807 1079 1866 monti
1091 1825 1194 1888 super-

120 1898 249 1962 structa,
272 1909 307 1951 ac
328 1891 517 1972 septemplici
537 1909 623 1951 muro
642 1891 826 1952 circumdata
848 1899 912 1950 erut
930 1910 938 1949 :
958 1891 1072 1969 primus
1092 1911 1193 1956 murus

118 1975 245 2037 interior
264 1983 329 2037 erat
344 1975 493 2046 secundo,
510 1975 659 2036 secundus
678 1977 788 2046 tertio,
805 1983 865 2037 etc.
878 1975 995 2036 Primus
1016 1993 1117 2040 murus
1138 1997 1192 2040 suo

118 2062 247 2124 circuitu
258 2071 320 2123 tres
332 2062 454 2122 circiter
464 2061 565 2122 leucas
578 2060 767 2134 continebat,
781 2062 813 2121 in
827 2061 998 2122 smnmitate
1015 2063 1099 2123 urbis
1116 2072 1148 2124 et
1160 2065 1192 2125 in
1213 2076 1222 2091 ⁹

116 2148 240 2227 septimi
249 2148 326 2208 muri
339 2147 466 2207 circuitu
475 2147 618 2224 palatium
630 2147 712 2225 regis
725 2154 801 2220 crat,
810 2145 892 2225 quod
902 2146 1044 2223 Polybius
1055 2149 1162 2211 scribit
1181 2139 1191 2175 ³

116 2231 172 2292 stt
184 2250 286 2313 passus
300 2234 330 2291 in
342 2249 395 2292 suo
409 2231 525 2291 arnbitu
536 2230 689 2292 habuisse.

151 2319 185 2380 2⁰
197 2316 473 2380 Nabuchodonosor
492 2334 633 2396 magnus,
657 2316 901 2397 Nabopolassaris
920 2314 1013 2388 filius,
1034 2320 1137 2397 utIquo
1158 2321 1191 2384 in

117 2404 299 2468 destructaa
316 2410 401 2483 patre
420 2402 532 2463 Ninive
544 2420 672 2482 regnare
682 2403 764 2464 haud
776 2404 889 2483 potuit,
902 2402 981 2464 hene
996 2420 1068 2466 vero
1088 2407 1191 2467 Nabu-

116 2490 321 2557 chodonosor,
334 2504 388 2548 seu
408 2487 578 2548 Assaradon
598 2489 817 2550 Sennacheribi
833 2487 926 2559 filius,
941 2496 993 2548 aut
1005 2490 1190 2554 Saosduchin

116 2575 486 2640 Assaradonissuceessor.
498 2574 726 2651 Nabopolassar‚
737 2573 1189 2650 duxSaraciseuChinaladani,

117 2664 169 2743 qni
180 2659 385 2723 Saosduchino
394 2665 587 2730 successerat,
598 2659 722 2718 rebellis
735 2658 838 2728 factus,
850 2659 1014 2718 exercitum
1025 2676 1110 2719 suum
1122 2680 1190 2724 cum

117 2751 172 2812 illo
184 2747 324 2826 Astyagis
336 2744 390 2804 filii
403 2745 547 2821 Cyaxaris
557 2745 727 2820 conjunxit,
740 2745 881 2821 Saracum
893 2743 1047 2822 deposuit,
1057 2747 1190 2810 Niuiyen

118 2834 282 2903 destruxit,
295 2839 384 2908 atque
401 2830 561 2907 imperium
582 2829 773 2906 Assyriorum
790 2845 868 2888 anno
889 2827 962 2887 5578
974 2829 1012 2888 ab
1029 2830 1104 2890 orbe
1116 2848 1191 2894 con·

120 2920 200 2990 dito,
211 2926 243 2980 et
260 2915 314 2977 tat
326 2923 395 2975 anto
407 2930 498 2974 aeram
509 2915 664 2992 vulgarem
676 2913 825 2974 subvertit
836 2910 849 2988 (
860 2912 937 2974 conf.
951 2931 981 2973 n.
992 2913 1077 2992 tut).
1089 2916 1133 2977 Ex
1147 2917 1189 2979 ita

118 3005 269 3071 deshucto
282 3002 473 3079 Assyriorum
483 3001 611 3080 imperio
622 2991 715 3076 regna
724 2996 933 3059 Chaldaeorum
945 3016 998 3059 seu
1010 2999 1190 3080 Babylonio·

117 3110 202 3164 rum,
216 3097 248 3151 et
268 3090 425 3148 Medorum
443 3095 531 3147 enata
548 3094 635 3156 sunt,
647 3101 772 3161 quorum
792 3085 889 3164 primo
908 3085 1140 3163 Nabopolassar‚
1157 3098 1189 3151 ct

117 3175 250 3243 wcundo
261 3175 409 3252 Astyages
422 3172 614 3253 praefuerunt.

153 3262 244 3323 um
256 3259 378 3322 silentio
408 3265 563 3319 auctorum
583 3256 729 3315 librorum
749 3256 865 3334 Regum
887 3260 918 3315 et
938 3254 1187 3336 Paralipomenon

118 3349 255 3428 sequitur
267 3346 433 3414 dumtaxat,
443 3343 599 3404 historiam
610 3339 745 3400 ludithae
761 3340 793 3399 in
811 3339 1008 3411 documentis,
1023 3358 1061 3400 ex
1079 3344 1189 3421 quihus

118 3435 170 3497 isti
180 3432 255 3494 libri
267 3430 394 3491 conlecti
407 3436 487 3501 sunt,
499 3429 696 3497 defuisse,aut
705 3443 743 3486 ex
753 3427 976 3488 illisexcidisse.
984 3427 1030 3489 Fl.
1039 3430 1188 3510 iosephus

118 3504 280 3582 recensere
296 3534 357 3576 non
378 3514 455 3575 solet
471 3515 529 3574 nisi
549 3513 687 3574 historias
703 3513 734 3570 in
753 3512 840 3574 libris
860 3511 991 3574 Canonis
1014 3514 1188 3577 ludaeorum

118 3612 289 3674 contentas,
302 3611 333 3662 et
342 3603 413 3662 hinc
428 3602 519 3661 etiam
530 3600 686 3661 historiam
707 3600 813 3659 Tobiae
825 3617 885 3660 non
895 3599 998 3660 rciert.
1015 3601 1101 3660 Licet
1113 3620 1186 3665 vero

118 3692 219 3756 nullus
234 3691 372 3768 antiquus
386 3694 476 3768 pater
493 3687 606 3747 librum
624 3685 731 3747 Judith
750 3688 962 3748 commentario
981 3687 1186 3764 illustraverit,

118 3776 226 3841 duilio
237 3783 340 3836 tamen
351 3781 384 3832 ut
396 3772 434 3832 ad
447 3772 627 3849 scripturam
646 3788 760 3833 sacram
776 3779 929 3851 spectante
942 3771 1103 3849 loquuntur
1119 3775 1189 3837 Ori.

221 3860 298 3943 ,qui
310 3858 414 3920 dicens
428 3875 437 3916 ε
452 3857 523 3917 Volo
535 3858 693 3938 exemplum
710 3856 780 3915 dore
795 3875 815 3915 o
835 3859 1004 3934 Scriptura,
1019 3860 1188 3938 exemplum

118 3872 256 4019 mn
266 3944 340 4007 citat
346 3930 369 4016 ⁸,
383 3943 524 4006 clemens
535 3944 623 4006 Rom.
633 3928 801 4014 Pontile1⁸,
814 3945 928 4003 Auctor
937 3941 1188 4011 constitutionum

121 4032 276 4117 ¹⁸¹toleror..
286 4055 342 4117 nr,
357 4067 379 4102 c.
389 4053 419 4104 or
430 4048 672 4115 oties-sumu,
691 4051 726 4099 to.
741 4063 763 4100 c.
775 4047 859 4101 sta-⁸
866 4051 964 4112 Polyb,
974 4051 1019 4101 no.
1030 4050 1185 4125 rn-tonp,

119 4120 195 4203 μ,
203 4124 271 4187 {flu
278 4125 369 4181 ierem.
378 4120 423 4160 -.t
430 4124 505 4174 clem.
515 4125 584 4173 hom.
592 4123 667 4184 Epist.
677 4121 709 4171 ad
717 4120 824 4169 corinth.
