2708 4846
231 472 278 522 bib
534 473 581 521 bb
602 471 779 528 substitus
798 473 841 521 ΕΤ
863 471 1022 520 extensi

230 572 316 624 textu
337 562 517 642 originario,
548 571 600 624 aut
622 580 726 625 secum
753 563 953 634 concordant,
976 562 1149 641 genuinam
1173 560 1308 622 exhibent

229 648 394 710 lectionem
403 656 502 710 textus
517 649 681 726 primitivi;
700 656 816 709 textmn
832 649 914 709 enim
930 648 1138 727 originarium
1157 664 1227 708 cum
1240 666 1309 726 pre·

228 735 420 797 stantissimis
429 735 619 796 versionibus
628 735 759 813 antiquis
767 733 1309 803 vitiatunresse,authascerersioner

230 836 335 880 omnes
347 826 501 896 corruptas
513 819 621 891 tuisse,
636 819 818 880 incredibile
830 826 895 880 est:
909 840 927 876 o
941 819 1112 880 Plurimum
1128 818 1183 880 hic
1199 835 1307 896 quoquo

230 924 247 962 r
257 905 357 982 juvat,
386 905 429 964 ait
450 906 481 964 S.
504 905 704 984 Augustinus,
736 905 934 984 interpretum
953 904 1178 975 numerositas,
1202 903 1307 964 collatis

229 990 414 1051 »codicibus
426 990 577 1070 inspecta,
587 997 678 1068 atquo
690 989 839 1062 discussa,
851 997 966 1050 tantum
982 989 1066 1051 absit
1082 989 1201 1051 falsius
1214 989 1262 1051 ’.ι

557 1134 575 1204 s
588 1138 663 1186 xvll.
674 1162 705 1177 -
715 1137 830 1187 snbslffia
840 1137 979 1199 exegetica.

266 1259 338 1314 dall.
351 1259 437 1320 Libri
449 1258 527 1320 sacri
539 1275 601 1319 non
613 1257 768 1318 dumtaxat
779 1264 849 1318 sunt
865 1256 1066 1326 doctrinales,
1085 1257 1151 1319 sed
1171 1257 1269 1328 etiam,
1281 1263 1308 1317 et

227 1343 353 1422 quidem
371 1344 470 1423 quoad
485 1343 646 1404 maximam
668 1350 800 1422 partem,
821 1341 978 1412 historici3
992 1359 1064 1403 cum
1084 1358 1166 1402 vero
1184 1340 1307 1403 historia

228 1431 359 1507 antiquae
372 1430 540 1500 ordinarie,
552 1437 584 1490 et
595 1428 777 1490 doctrinalia
789 1429 965 1506 frequenter
982 1428 1053 1489 sine
1064 1427 1230 1506 multiplici
1243 1443 1305 1487 eru-

227 1515 346 1576 ditione
365 1515 509 1577 historica
529 1514 640 1594 exponi
663 1520 832 1592 nequeant,
857 1513 994 1592 sequitur
1016 1513 1138 1575 idoneo
1157 1513 1305 1593 Interproti

226 1607 339 1679 praeter
349 1599 570 1679 Philosophiae,
583 1599 721 1679 Physica
733 1604 765 1659 et
777 1598 956 1678 Theolcgiae
969 1598 1138 1673 scientias,
1152 1607 1237 1678 atqm
1250 1598 1305 1658 lin-

225 1701 294 1763 guae
316 1683 468 1746 hebraicae
490 1693 521 1746 et
544 1701 652 1764 prece
672 1683 828 1753 notitiam,
851 1700 911 1761 qua
937 1683 1027 1743 Libri
1043 1685 1129 1745 sacri
1147 1683 1305 1764 generatim

226 1771 389 1849 conscripti
402 1771 537 1840 fuerunt,
550 1769 752 1849 multiplicem
765 1769 970 1830 eruditionem
980 1768 1170 1831 historicam
1179 1785 1304 1832 necessa

226 1856 302 1916 riam
315 1873 392 1917 esse.
407 1856 640 1934 consequenter

263 1941 312 2002 Ad
332 1942 455 2012 Libros,
474 1943 643 2020 praesertim
659 1941 773 2002 veteris
794 1938 949 2009 Foederis,
964 1941 1063 2017 probe
1083 1941 1301 2024 intelligendos,

226 2028 379 2100 lnterpres
403 2044 588 2103 cognoscere
609 2027 703 2088 debet
725 2025 912 2107 generaliter
932 2025 1099 2087 historiam
1114 2028 1301 2091 universalem

225 2112 394 2190 antiquam,
406 2120 439 2172 et
451 2113 611 2192 speciatim

264 2197 293 2256 l⁰
307 2198 470 2257 Historiam
483 2197 659 2258 Judaeornm
669 2198 907 2277 populorumque
919 2196 983 2258 illis
993 2194 1206 2261 finitimorum.
1219 2200 1298 2260 nise

224 2298 298 2341 vero
312 2281 487 2341 notionibus
499 2280 695 2359 adquirendis
708 2283 876 2343 inservient
884 2282 1036 2360 imprimis
1048 2284 1120 2362 ipsa
1133 2284 1300 2347 historiali

224 2365 348 2425 brorum
356 2382 520 2436 sacrorum,
537 2365 609 2426 dein
621 2367 720 2426 Flavii
733 2367 859 2447 losepbi
871 2369 1072 2445 Antiquitotcs
1085 2372 1236 2443 ludriam
1246 2369 1300 2435 Cal

223 2456 287 2509 met
299 2450 433 2509 Historia
456 2451 566 2510 Veteris
584 2468 619 2509 oc
635 2452 706 2510 oooi
724 2453 896 2512 Testamenti
901 2472 912 2524 ,·
931 2453 1091 2516 Prideaux
1114 2458 1249 2520 Historia
1259 2457 1300 2518 J*

224 2534 369 2605 doeomm,
380 2533 610 2614 populorumque
619 2536 795 2607 viduorum,
809 2545 869 2598 etc.

259 2621 530 2683 YNoseeredebet
541 2624 693 2700 interpres
702 2624 777 2684 ritus
786 2641 945 2703 moresque
955 2624 1298 2702 Judaeormu,histon‘am

222 2707 389 2768 naturalem
401 2708 569 2786 praesertim
585 2708 769 2778 Palaestine,
788 2709 1009 2788 regionumque
1032 2716 1295 2781 conterminantur.

222 2793 421 2853 Hebraeorum
437 2793 587 2869 pondera,
611 2811 781 2867 mensuras,
803 2811 869 2854 rem
892 2795 1077 2870 militarem,
1096 2800 1296 2868 comedero,

221 2887 359 2940 veterem
367 2877 600 2957 geographiam,
617 2885 649 2939 et

257 2961 289 3018 5⁰
301 2965 407 3021 Artem
420 2963 571 3036 criticam,
585 2965 670 3043 cujus
682 2982 740 3043 ope
753 2965 886 3045 genuina
897 2965 1011 3039 lectio,
1025 2967 1255 3051 interpretatio,
1269 2973 1296 3028 et

223 3046 353 3107 eruditio
366 3064 383 3106 a
396 3049 505 3124 spuriis
519 3056 550 3108 et
560 3049 642 3109 falsis
660 3050 860 3111 discernatur.

258 3132 536 3210 Reperienturbaec
547 3134 742 3214 incl.Fleury
751 3135 1296 3209 Morcslsraelr'torumblicbaelislu

220 3219 480 3289 Mosoierrm3Jahn
493 3220 696 3299 Archaeolopiu
705 3221 828 3292 Ilrbiioo5
839 3223 958 3285 comite
972 3224 1011 3283 de
1017 3224 1171 3307 Stolberg
1180 3226 1295 3288 litim

219 3304 375 3379 Religionis
393 3305 423 3363 J.
445 3306 495 3374 t‘.;
513 3303 631 3365 Calmet
646 3307 870 3367 mactationes
883 3325 921 3386 oc
934 3307 1176 3385 consumarem
1186 3309 1293 3377 Petario

219 3390 422 3450 Rotiooorium
434 3398 606 3466 temporatim
617 3393 739 3452 Usserio
749 3392 876 3452 Aruiates
890 3395 993 3454 aare
1002 3401 1028 3452 ct
1038 3397 1110 3456 noui
1122 3396 1294 3466 Testem&

218 3475 312 3554 Lamy
325 3477 495 3553 Apparatus
506 3477 713 3555 proprapltious
725 3486 752 3538 et
763 3478 991 3558 cbrortoioptcus,
1006 3488 1069 3543 etc.

263 3636 280 3704 5
294 3638 379 3687 xvlll.
391 3661 421 3674 -
430 3637 589 3686 charadues
600 3638 671 3688 bona
680 3652 710 3690 ae
720 3641 792 3690 mala
802 3640 1016 3702 interpretationis
1025 3641 1166 3705 Scriptura
1174 3659 1255 3696 nere.

255 3790 327 3844 655.
352 3785 519 3847 Character
544 3788 697 3865 generalis
724 3788 814 3849 bonae
836 3789 1104 3867 interpretationis
1138 3794 1294 3874 Scriptura

217 3889 308 3933 sacrae
332 3879 377 3931 est
398 3873 461 3949 ejus
474 3888 636 3932 consensus
652 3890 722 3932 cum
743 3875 884 3936 Critcriis
901 3891 956 3936 seu
973 3875 1106 3953 Regalis
1128 3879 1293 3958 Exegetiolt

219 3974 250 4016 n.
266 3954 389 4015 darom
404 3957 575 4017 recensitis,

249 4081 367 4143 ¹Aussust.
381 4086 412 4135 dc
424 4087 505 4136 Dotlr.
516 4089 616 4148 Christ,
631 4089 674 4136 lib.
687 4089 716 4136 ·2.
729 4102 753 4135 c.
765 4089 801 4137 ll.
