2708 4846
103 454 106 465 ·
231 433 279 482 390
645 433 690 480 DE
708 431 908 480 abnuentia

231 528 281 599 oo,
295 528 389 588 dicit:
404 549 421 587 a
434 529 612 606 Priusquam
625 528 721 606 gallus
732 544 839 588 vocem
850 527 900 586 bis
909 524 1047 596 dederit,
1058 532 1109 584 ter
1120 543 1172 586 me
1184 542 1216 588 es
1228 544 1301 607 nego

233 635 249 671 rt
260 623 353 674 turus.
366 635 382 670 >a

268 702 382 759 Verum
390 702 510 760 Marcus
520 699 673 760 dumtaxat
681 699 806 776 propius
818 696 1003 759 determinat
1010 696 1050 758 ad
1061 714 1157 774 quem
1169 697 1241 775 galli
1248 714 1303 760 ean

230 793 295 845 tum
305 787 412 847 Petrus
421 785 576 848 Christum
585 791 749 862 negaturus
759 790 851 844 esset.

267 873 340 926 565.
354 870 402 929 la⁰
412 870 503 947 Quod
511 869 618 930 ldatth.
630 869 683 939 25,
695 869 729 939 5,
739 868 779 954 de
790 868 872 928 Juda
885 867 1031 929 iscariote
1045 868 1104 928 ait:
1114 867 1303 946 superedita,

231 963 263 1018 et
271 956 378 1018 Petrus
394 957 476 1035 (het.
498 956 534 1026 l,
556 956 628 1032 l8):
649 958 808 1034 Suspessus
826 955 944 1034 (grece
958 983 1181 1030 mmmm,
1194 971 1304 1035 prm

206 1039 208 1044 ’
228 1038 340 1116 foetus)
353 1039 585 1118 erepsitmedius
597 1045 644 1098 :et
656 1038 766 1118 diffluo
777 1045 843 1097 nost
855 1037 953 1097 oooao
970 1038 1176 1118 veoeraejos.

264 1126 322 1187 Ast
342 1124 449 1186 Petrus
465 1126 552 1204 juxta
574 1130 688 1184 textum
706 1121 906 1201 originarium
924 1137 1059 1200 graecum
1090 1124 1304 1201 suspensionum

229 1212 318 1274 Judae
329 1220 474 1273 utnotam
485 1213 588 1292 ponit,
598 1219 631 1271 et
649 1209 837 1272 solummodo
852 1209 934 1270 illius
943 1209 1088 1287 adjuncta
1100 1211 1210 1271 retert.
1226 1209 1304 1272 ouda

228 1307 317 1376 mpto
329 1299 401 1359 lune
410 1299 462 1359 vel
471 1315 554 1358 ramo
565 1297 683 1358 arboris
692 1296 802 1368 dilabi,
814 1303 906 1374 atque
915 1297 959 1356 ita
971 1313 1103 1376 crepare
1116 1298 1230 1377 potuit.

264 1393 339 1448 eet.
356 1391 403 1453 15⁰
415 1391 505 1468 Quod
518 1391 680 1452 Matthaeus
694 1392 747 1462 27,
761 1390 813 1461 dit,
831 1390 961 1460 scribat,
973 1389 1098 1452 Christo
1114 1391 1151 1450 in
1172 1389 1304 1471 Golgoht

228 1475 364 1537 oblatum
382 1494 449 1537 esse
464 1479 564 1536 oham
576 1494 641 1536 oum
651 1476 719 1554 {elle
734 1477 875 1547 mixtum
892 1477 1106 1537 Mansuevere
1127 1476 1180 1548 lb,
1195 1477 1246 1547 25,
1257 1477 1302 1547 ait,

226 1562 413 1640 myrrhatum
423 1564 522 1623 odeum
532 1561 653 1624 Christo
667 1563 804 1624 oblatum
817 1561 919 1623 luisse.

263 1648 325 1711 Sed
338 1650 444 1710 rmum
454 1667 524 1711 oum
537 1649 611 1711 telle
620 1650 751 1710 mixtum
761 1648 841 1709 nihil
852 1647 936 1708 aliud
945 1647 1100 1727 significat
1110 1667 1206 1727 quam
1216 1650 1302 1712 vinu

226 1735 430 1814 myrrhatum,
458 1737 565 1798 vinnm
593 1752 707 1815 nempe
726 1734 961 1804 amarissimum,
988 1733 1120 1811 myrrha
1148 1735 1301 1805 conditu,

228 1822 318 1899 quale
329 1822 606 1902 reis,potissimnm
617 1823 652 1883 in
664 1820 936 1899 crocomagmate,
954 1827 1026 1881 aute
1044 1821 1302 1900 suppliciumpra

225 1908 368 1983 bebatur,
377 1918 412 1973 ut
420 1909 587 1994 perderent
600 1910 724 1991 spiritus
735 1906 941 1989 praesentiam,
951 1914 1044 1985 atquo
1056 1916 1214 1971 tormenta
1222 1911 1302 1970 mhn

228 1996 388 2058 sentirent.
1152 2041 1158 2046 -

264 2084 337 2137 eut.
349 2079 845 2162 le0e2uoatttu1useructschrtsu
857 2078 1132 2141 fueritseormdum
1143 2081 1302 2143 hamam

225 2166 279 2237 27,
291 2167 329 2226 57
338 2186 347 2228 a
358 2170 416 2228 iiio
431 2176 475 2229 eat
495 2170 580 2229 aceo
592 2184 647 2227 ree
662 2165 945 2243 audacissimum
960 2167 1104 2226 blancum
1121 2166 1172 2238 lh,
1185 2165 1303 2227 fflzdca

227 2253 412 2324 iudeorum,
423 2255 511 2334 juxta
522 2256 649 2325 Lucam,
661 2253 713 2324 25,
731 2251 785 2312 58:
796 2255 854 2313 Hie
865 2261 908 2313 eat
918 2269 972 2312 ree
982 2252 1174 2325 Iudaeorum,
1185 2259 1217 2314 et
1229 2251 1303 2332 juxta

226 2337 377 2396 loannem
387 2336 438 2408 la,
451 2337 488 2398 la
498 2357 506 2396 ι
518 2339 603 2398 lesus
614 2337 790 2399 Naxaraeus
800 2355 855 2399 rea
865 2337 1047 2400 Jodeomm.

263 2423 379 2482 Verum
396 2423 590 2484 manifestum
607 2430 654 2484 est
674 2422 847 2500 quemlibet
863 2424 973 2485 horum
993 2424 1161 2487 titulorum
1181 2425 1302 2488 eunden

225 2507 398 2586 exprimere
410 2523 542 2569 sensum.

263 2596 335 2651 soe
349 2593 399 2656 lt·
411 2594 500 2673 Quod
511 2593 672 2657 Matthaeus
684 2597 740 2671 27,
755 2599 793 2658 tl
806 2605 838 2659 et
849 2600 969 2660 Marcus
986 2598 1041 2668 lh,
1065 2599 1124 2668 52,
1139 2599 1302 2661 dicantem-

225 2681 276 2742 bos
292 2679 419 2742 latrones
438 2679 559 2744 Christo
572 2697 694 2745 eomes
706 2683 855 2764 pendenti
870 2685 1060 2763 improperia
1072 2685 1206 2754 dixisse,
1221 2686 1301 2744 lucas

224 2773 328 2828 nutem
338 2766 460 2838 ma,
470 2767 600 2839 scribat,
612 2785 708 2829 unum
717 2770 869 2831 latronem
880 2770 914 2830 id
923 2770 1044 2831 iecisse.

262 2853 324 2915 Sed
329 2851 415 2932 juxta
425 2852 603 2915 Matthaeum
619 2861 652 2916 et
666 2856 803 2916 Marcum
815 2855 905 2916 ambo
918 2856 1054 2915 latrones
1066 2855 1224 2919 Christum
1233 2855 1301 2918 blas

223 2938 407 3016 phemsrunt
417 2939 457 2999 ab
469 2939 560 3000 initio
567 2959 576 3013 ;
589 2957 669 3001 unus
681 2957 755 3001 vero
768 2940 842 3002 dein
855 2942 951 3022 gmtia
960 2942 1019 3002 Dei
1029 2941 1159 3004 interne
1172 2948 1263 3003 motus
1273 2957 1301 2999 ae

224 3035 387 3082 conversus
400 3028 463 3092 est,
476 3028 567 3100 atqtm
576 3021 706 3082 altemm
718 3023 751 3083 in
764 3021 921 3086 Christum
938 3021 1302 3103 blasphemiasproieren·

224 3111 306 3176 tem,
319 3105 360 3168 de
372 3123 431 3184 quo
444 3106 580 3185 lequitm
589 3109 703 3181 Lucas,
717 3109 927 3189 reprehendit.

261 3195 334 3249 567.
348 3192 696 3272 laqueariorum,
709 3195 764 3268 25,
784 3195 917 3257 scribata
930 3196 1010 3255 Erat
1022 3193 1099 3255 horu
1113 3197 1204 3258 tertio
1214 3203 1300 3256 etone

223 3273 379 3354 oifieeneet
388 3293 464 3348 eum,
477 3277 614 3339 Joannes
625 3295 699 3339 vero
711 3277 759 3347 aa,
774 3278 822 3348 lt,
836 3276 932 3347 dicat,
943 3276 1027 3354 qnod
1037 3276 1297 3354 antequamChtie

196 3403 200 3412 ·
222 3361 319 3424 tttsad
330 3379 453 3423 crucem
465 3361 659 3424 damnaretur
671 3371 752 3425 esset
763 3362 838 3423 horu
848 3363 934 3441 quasi
943 3369 1039 3424 seete.

272 3451 330 3510 Ast
349 3448 469 3521 Judaei,
486 3450 531 3509 uti
551 3458 583 3510 et
599 3450 653 3510 alii
674 3450 867 3521 orientales,
884 3449 1004 3511 duobus
1019 3449 1125 3513 modis
1146 3452 1236 3512 horos
1248 3447 1300 3510 diei

223 3533 440 3606 numerabant;
459 3534 638 3597 dividebant
655 3535 687 3596 l⁰
706 3535 791 3597 diem
808 3536 842 3596 in
858 3542 987 3613 quatuor
1001 3533 1094 3596 horas
1114 3537 1299 3615 :squaleant

223 3627 345 3680 noctem
365 3619 399 3679 in
417 3627 545 3698 quatuor
563 3620 686 3700 vigilias
707 3622 839 3699 aequales
852 3620 1069 3699 dispescebant
1087 3618 1194 3698 (coni.
1206 3619 1298 3683 lllatth

223 3705 275 3776 tt,
287 3706 353 3784 25),
365 3723 433 3783 quae
442 3705 482 3766 ab
491 3707 627 3767 Ausonio
635 3706 764 3768 trihoria
775 3714 936 3777 vocantur,
950 3723 988 3767 eo
998 3706 1082 3784 quod
1092 3709 1298 3786 quaettbettra

222 3791 313 3854 horas
329 3799 478 3853 nostrates
495 3792 683 3854 continebat.
702 3795 758 3854 llae
771 3794 856 3855 horae
873 3793 1192 3874 vocabanturprima,
1205 3796 1296 3859 ertia

223 3886 307 3939 sexta
325 3887 357 3939 et
374 3897 464 3940 nona.
479 3879 581 3939 Prima
593 3879 669 3940 hora
680 3880 851 3958 incipiebat
874 3897 892 3941 a
909 3887 996 3941 sexta
1007 3880 1087 3942 hore
1103 3885 1296 3952 matutinaet

224 3962 351 4024 dmahat
362 3983 456 4043 usque
474 3964 511 4025 ad
524 3982 650 4037 nonam3
664 3968 755 4027 tertia
768 3966 968 4029 inchoabatur
986 3966 1065 4029 hora
1085 3987 1187 4041 nona,
1202 3978 1231 4031 et
1242 3983 1296 4048 per·

224 4043 351 4106 durabat
361 4064 455 4125 usque
465 4046 504 4109 ad
516 4047 742 4121 duodecimam
755 4056 840 4112 sexta
851 4049 927 4110 hora
936 4048 1109 4130 incipiebat
1119 4051 1295 4116 duodoemt.
