2716 4838
383 445 430 501 b!
449 454 639 506 alsistona
659 458 843 512 'l'BllPom
864 465 960 514 APUD
980 467 1157 518 BBBMOS.
1268 470 1316 521 U

262 529 443 605 Verisimile
468 562 533 608 non
555 556 603 610 est
626 549 800 628 primitivos
823 550 966 617 homines
989 572 1100 618 annum
1126 563 1316 623 recensuisse

224 611 308 723 [uxta
320 644 444 689 cursum
456 631 546 705 solis,
556 641 664 714 utpote
682 640 875 699 astronomiae
890 639 990 703 adhuc
1009 642 1138 723 ignaros,
1151 646 1316 708 beneseto

222 716 307 788 Juxta
319 712 456 774 reditum
469 719 594 790 metatis,
608 726 641 780 et
652 722 834 784 maturitatis
844 724 1007 787 ltsrctnum.
1017 728 1116 804 Quum
1125 731 1207 791 enim
1215 731 1319 793 obsor-

224 803 336 855 sarem
351 805 492 862 aestatern
514 808 547 862 et
563 805 772 865 maturitatem
793 807 945 869 tnrctuum
964 810 1110 874 abluitis
1128 814 1230 876 redire
1248 821 1320 895 post

222 877 390 942 duodecim
400 884 528 947 circiter
536 905 660 949 menses
669 890 801 962 limares,
815 909 928 954 annum
938 896 1145 960 verisimiliter
1151 899 1235 978 Juxta
1243 898 1320 961 dno-

221 964 326 1066 deeim
343 985 468 1031 menses
486 971 611 1035 lunares
625 984 810 1048 exegerunt,
824 985 917 1056 atquo
929 980 976 1041 ita
986 983 1125 1060 primitus
1141 996 1253 1045 annm
1263 982 1321 1044 m

220 1050 343 1112 dierum
352 1052 539 1118 babuerunt.
1303 1094 1307 1101 -

255 1136 321 1198 Sed
346 1156 418 1199 cum
442 1149 514 1220 post
536 1143 655 1221 aliquot
678 1142 851 1222 bujmmodi
873 1163 972 1210 annos
992 1155 1189 1229 tempestates
1210 1150 1324 1213 eodem

218 1231 329 1284 mense
340 1233 522 1287 revertente
539 1224 702 1290 conuerte
715 1237 831 1302 essent,
845 1247 945 1293 annm
957 1233 1073 1295 lunaris
1085 1234 1125 1295 ad
1137 1238 1324 1296 soleremusb

218 1306 291 1370 duci
306 1308 434 1380 debuit.
450 1318 543 1390 atque
552 1310 616 1390 jam
629 1321 700 1373 ante
711 1314 862 1375 diluvium
875 1316 986 1378 reduci
995 1318 1099 1397 empit.
1111 1318 1234 1378 Annum
1241 1318 1324 1379 sola·-

218 1404 285 1453 rem
297 1409 337 1453 ex
349 1393 516 1457 duodecim
526 1397 685 1458 mensibus
694 1399 821 1477 triginta
829 1399 952 1460 dierum
962 1409 1155 1461 constantem
1164 1401 1324 1463 antedilu-

217 1479 303 1541 vium
322 1481 497 1542 adhibitum
508 1483 618 1553 tuisse,
630 1500 669 1543 ex
682 1483 927 1564 historia,quam
939 1487 1063 1563 Moyses
1077 1503 1117 1546 ex
1131 1486 1325 1548 documentis

215 1566 349 1638 coaevis,
360 1567 561 1628 versimiliter
572 1567 697 1628 familiae
706 1570 834 1639 Noemi‚
846 1569 886 1630 de
897 1570 1016 1629 diluvio
1025 1570 1322 1648 contexuit,patet⁸.

215 1649 296 1712 Cum
305 1670 385 1714 vero
397 1653 562 1715 duodecim
572 1669 695 1715 menses
704 1654 833 1732 triginta
843 1654 967 1713 dierum
976 1656 1099 1714 nonubi
1108 1655 1167 1714 esu
1174 1654 1324 1717 dieseon·

215 1734 337 1809 iciant,
349 1739 450 1800 mensi
467 1738 653 1800 duodecimo
667 1739 804 1815 quinque
814 1739 884 1799 dies
893 1737 1063 1821 adjiciendi
1075 1739 1326 1811 annuntiastis»

214 1830 300 1885 tetum
313 1840 414 1885 annus
426 1823 536 1884 solaris
546 1823 603 1883 aas
613 1822 745 1883 dierum.

250 1910 384 1970 Interim
407 1911 531 1986 Moyses
550 1908 694 1968 Hebraeis
711 1907 901 1986 praescripsit
912 1922 1028 1967 mnum
1045 1904 1200 1975 lunarem,
1215 1907 1272 1969 sed
1283 1906 1325 1971 ni

213 2008 330 2056 mnum
341 1994 476 2054 solarem
488 1992 713 2055 reducendum.
727 1993 806 2057 Cum
819 1992 906 2051 enim
918 2008 1041 2052 menses
1051 1990 1189 2069 singulos
1199 1978 1340 2070 aprim¹

210 2079 300 2158 pbasi
315 2079 400 2136 lunae
412 2077 528 2155 incipi,
541 2082 770 2150 consequenter
781 2091 852 2134 cum
870 2073 978 2133 ultima
989 2072 1079 2149 plrasi
1093 2070 1175 2130 liniri
1184 2071 1324 2149 juberet,

209 2165 355 2242 sequitur
377 2176 502 2221 menses
525 2160 731 2220 Hebraeorum
752 2158 846 2219 misse
865 2158 1001 2226 lunares,
1023 2155 1327 2235 aeproindesornn

208 2264 328 2311 annum
349 2249 502 2307 lunarem.
515 2247 640 2322 Moyses
652 2251 754 2303 autem
773 2241 1074 2322 provisurus‚utbic
1084 2240 1325 2305 annmlilitdis-

205 2348 278 2397 rum
296 2333 339 2396 ad
360 2350 476 2394 annum
493 2331 627 2390 solarem
643 2326 702 2388 nes
722 2327 940 2395 reduceretur,
959 2324 1141 2386 sacerdotes
1156 2323 1322 2404 obligavit,

204 2429 239 2482 ut
250 2416 395 2482 secunda
410 2415 463 2476 die
476 2413 650 2486 Pasobatis,
662 2428 719 2474 seu
736 2411 859 2472 decima
876 2417 963 2471 sexta
975 2409 1029 2470 die
1040 2407 1324 2488 postNeomenisn

201 2505 327 2566 mensis
339 2503 451 2572 Nisam
476 2500 571 2580 primi
590 2498 746 2558 mensium
768 2495 843 2555 anni
855 2494 952 2562 sacri,
966 2491 1161 2569 manipulum
1170 2499 1325 2556 matum

198 2592 242 2652 ad
253 2590 358 2651 altare
368 2587 529 2645 offerrent.
536 2583 569 2641 Si
580 2583 767 2656 enimseges
776 2577 885 2636 ultimo
896 2582 1006 2634 mense
1015 2572 1178 2632 annisacri
1187 2575 1323 2637 nondun

196 2683 331 2737 matura
354 2676 439 2734 erat,
453 2665 646 2744 cogebantur
662 2660 843 2721 sacerdotes
855 2674 996 2717 mensem
1009 2655 1158 2731 adjicere.
1170 2655 1236 2713 ilos
1246 2668 1324 2719 sm

194 2756 345 2836 singulis
365 2754 433 2812 tere
456 2748 557 2808 tribus
580 2745 670 2805 annis
690 2744 795 2804 iacere
809 2740 983 2806 debebant,
1005 2753 1078 2796 cum
1088 2733 1233 2792 undecim
1244 2736 1325 2809 (lio,

195 2847 263 2926 qui
287 2843 321 2900 iu
341 2854 423 2901 anno
437 2832 540 2894 lunari
560 2829 727 2908 quotannis
747 2827 880 2888 deerant
896 2824 935 2882 ad
957 2837 1075 2882 annum
1087 2816 1218 2878 solarem
1230 2820 1327 2882 eond-

192 2925 373 2996 cieudum,
387 2921 488 3001 spatio
510 2915 604 2976 trium
623 2927 776 2973 annorum
788 2907 943 2968 lunarium
955 2906 1118 2983 plusquam
1133 2904 1329 2996 messeniu-

190 3028 333 3094 aegrum
352 3005 593 3069 constituerent.
607 2997 690 3057 Hinc
704 2990 832 3055 liebraei
845 2989 976 3068 singulis
988 2985 1118 3047 circiter
1129 2980 1226 3042 tribas
1237 2988 1328 3050 annis

187 3095 371 3166 lunaribus
391 3103 535 3152 mensem
553 3099 650 3144 unum
660 3081 745 3140 inter
764 3076 852 3137 Adar
863 3087 1004 3133 mensem
1015 3068 1176 3133 ultimum,
1190 3068 1328 3132 stlitem

186 3197 349 3251 mensem
362 3177 500 3259 primum
516 3169 591 3231 anni
604 3165 703 3233 sacri,
717 3157 961 3225 intercalabant,
976 3167 1073 3230 (luem
1093 3147 1256 3210 0¹⁸⁰·AW
1268 3168 1329 3217 m

186 3266 380 3338 secundum
393 3273 536 3322 mensem
546 3247 812 3315 Adarrocabant.
1154 3292 1158 3301 ,

235 3350 374 3417 Hebraei
392 3346 489 3427 igitur
500 3355 627 3403 meuses
647 3335 774 3395 lunares
788 3341 964 3404 armumque
977 3323 1126 3382 lunarem
1142 3313 1182 3375 ad
1198 3313 1329 3385 solim

187 3436 398 3510 reducendo,
412 3427 585 3510 improprie
599 3437 716 3484 annum
728 3418 862 3480 solarem
874 3412 1062 3508 babuemui,
1077 3410 1111 3464 θῑ
1123 3416 1194 3461 eum
1204 3417 1330 3499 ΨΜ·

185 3533 327 3597 vas-arnt.
336 3525 443 3599 Quare
457 3523 566 3578 auetor
577 3499 934 3572 Ecclesiasucizatuns
946 3493 1329 3585 inumb-uffilffljiwiffl·

187 3643 212 3681 „
226 3613 337 3698 poris,
350 3614 384 3668 et
395 3606 521 3681 signum
529 3598 603 3658 aevi.
618 3597 647 3656 n
661 3594 736 3654 luna
755 3590 878 3667 signum
887 3582 953 3643 diei
966 3578 1075 3677 testi...
1089 3587 1205 3632 mensis
1218 3586 1330 3671 seeun-

227 3703 310 3764 dmn
319 3708 436 3757 nomen
452 3685 537 3765 ejus·
551 3703 579 3741 n.
595 3678 700 3741 Graeci
711 3674 829 3754 pariter
842 3683 957 3729 annum
967 3671 1054 3741 Juxta
1064 3672 1189 3754 sumum
1197 3654 1283 3755 witta
1293 3666 1328 3719 οἱ

187 3727 328 3853 :nenses
337 3781 428 3858 juxta
437 3774 545 3833 tunam
561 3767 781 3826 numeranmt:
793 3777 809 3811 (ι
820 3748 969 3813 Universi
982 3743 1102 3812 Graeci,
1115 3746 1160 3800 art
1171 3739 1328 3805 &sumina

189 3892 213 3937 s
228 3864 428 3943 annosjuxta
464 3855 577 3920 solem,
587 3861 713 3909 menses
721 3858 798 3904 vero
808 3845 841 3899 et
850 3836 920 3898 dies
925 3834 1013 3911 juxta
1023 3829 1135 3888 lunam
1144 3810 1327 3919 agebapt'..

229 3993 241 4030 ⁴
256 3994 323 4041 Gen.
335 3987 388 4039 'tet
400 3985 426 4033 8.
436 4006 468 4020 -
478 3976 493 4013 ¹
503 3975 595 4026 necti..
608 3970 656 4034 lsi,
667 3968 719 4017 bd.
731 3961 782 4004 -l
793 3960 895 4011 Gemln.
907 3958 1017 4016 leopos„
1028 3961 1052 3997 e.
1064 3950 1090 3995 e.

1182 4063 1210 4109 Ιο
