2716 4838
402 470 596 522 ttunouvit
610 470 811 521 stcuottttit.
1098 466 1140 518 ati

63 562 180 624 latione
190 561 339 641 incipIat:
354 582 371 618 u
381 562 439 620 Vir
450 569 515 623 erat
525 561 680 634 sacerdos,
693 562 816 622 nomine
826 558 949 632 Daniel,
961 555 1040 621 iilius
1052 559 1140 632 ibai,

64 648 227 710 »conviva
238 648 321 728 regis
335 647 510 728 Babylonis.
526 668 544 705 n
556 649 703 710 Eusebius
719 655 751 708 et
767 648 972 727 Apollinarius
988 646 1142 728 praelatum

63 734 185 795 titulum
194 734 239 795 ita
249 732 366 814 pariter
377 736 517 813 legerunt
526 733 661 810 (contu.
672 732 761 812 tit),
771 741 919 813 caputque
932 733 969 792 it
984 740 1141 814 utpartem

62 819 234 901 prophetiae
245 819 390 881 Habacuc
406 818 588 881 habuerunt.

97 912 217 975 Verrun
235 913 295 975 iste
307 912 424 984 titulus,
441 919 500 973 etc.
513 919 559 973 est
567 910 682 974 additio
699 910 825 990 alicujus
838 914 1041 986 amanuensis,
1054 933 1143 978 occa·

62 998 148 1063 sione
159 997 327 1059 mentionis
341 997 500 1066 Habesne,
515 1016 544 1057 v.
555 997 653 1068 taes,
665 996 753 1059 iacta.
765 998 875 1058 Versio
894 999 974 1058 Lxx
994 1001 1142 1081 interpre-

63 1092 126 1146 tum
137 1084 180 1146 ab
196 1083 430 1145 amanuensibus
447 1090 588 1163 corrupta
599 1083 674 1154 tuit,
689 1100 749 1162 qua
764 1083 803 1144 de
819 1100 853 1143 re
865 1081 928 1160 jam
948 1083 1099 1161 Origenes
1111 1097 1142 1150 et

63 1171 269 1252 Hieronymus
283 1168 548 1247 conquerebantur
562 1167 590 1240 ¹,
605 1176 636 1230 et
650 1169 787 1231 Ecclesia
803 1168 953 1230 catholica
971 1171 1141 1236 versionem

63 1258 194 1338 partium
205 1253 547 1317 deuterocanouicarum
558 1254 694 1316 Danielis
705 1270 744 1314 ex
754 1253 967 1316 Theodotione
980 1255 1053 1317 licet
1070 1275 1140 1341 apo-

64 1352 137 1408 stata
146 1341 317 1424 adoptavit.

95 1443 171 1499 ³83·
186 1437 220 1499 2⁰
232 1434 418 1498 incredibile
429 1442 475 1497 est
490 1452 596 1513 regem
609 1434 794 1515 Babylonis,
817 1437 1000 1517 quicumque
1027 1440 1139 1518 luerit,
1155 1506 1158 1513 ,

65 1523 235 1589 credidisse
251 1520 369 1583 idolum
376 1519 484 1581 Belum
494 1521 655 1582 comedere
666 1521 752 1584 cibos
762 1521 809 1581 iili
830 1521 992 1603 adpositos.
1008 1528 1141 1592 incredi-

63 1614 124 1677 bile
144 1611 265 1695 pariter
276 1615 323 1670 est
339 1625 445 1688 regem
455 1608 577 1684 Belum,
596 1610 772 1690 primarium
785 1609 1021 1688 Babyloniorum
1034 1615 1138 1695 derun,

64 1697 223 1762 aDaniele
242 1694 360 1757 destrui
377 1693 564 1774 permisisse,
583 1702 615 1757 et
628 1696 801 1757 sacerdotes
817 1696 907 1774 hujus
922 1697 997 1759 idoli
1010 1702 1141 1768 interfici

63 1784 197 1860 jussisse,
216 1798 288 1843 cum
303 1780 396 1841 scita
415 1778 579 1840 rebellioni
596 1781 788 1841 subditorum
808 1783 1002 1859 exposuisset.
1022 1786 1142 1853 Falsum

64 1879 108 1933 est
125 1867 276 1948 templum
289 1864 357 1927 Deli
371 1871 435 1925 tum
451 1865 533 1942 regis
554 1864 639 1943 jussu
655 1864 840 1926 destmctum
855 1866 961 1937 fusse,
975 1885 1044 1930 curu
1057 1871 1142 1949 juxta

65 1955 268 2024 Herodotum,
277 1952 441 2014 Animum
454 1958 485 2012 et
497 1950 675 2012 Strabonem
687 1951 834 2030 tempium
849 1951 907 2013 hoc
917 1954 1027 2018 Xerxis
1038 1965 1140 2042 magni

63 2044 141 2120 ineu
152 2040 210 2104 diu
217 2044 423 2121 postmortem
434 2035 570 2098 Danielis
584 2036 715 2099 dirutum
723 2038 773 2099 sit.

91 2140 136 2201 At
143 2152 202 2198 rex
210 2132 376 2210 Babylonis
385 2131 484 2212 potuit
500 2130 582 2209 vulgi
592 2130 775 2211 praejudiciis
783 2131 841 2194 bac
850 2131 882 2194 in
895 2151 931 2196 re
942 2135 1097 2215 laborare,
1108 2151 1141 2206 et

64 2237 127 2284 tum
142 2238 183 2283 eo
197 2217 344 2289 credere,
364 2217 500 2295 spiritum
516 2215 583 2275 Beli
596 2215 690 2276 odore
702 2217 903 2297 pretiosorum
921 2222 1059 2285 ciborum
1075 2226 1140 2306 ejus

63 2323 116 2370 nae
129 2314 185 2370 aut
195 2320 310 2367 mense
325 2302 535 2381 impositorum
547 2301 646 2376 allici,
665 2319 776 2381 eosque
791 2303 830 2365 de
846 2313 935 2368 nocte
949 2326 1138 2378 consumere.

61 2392 138 2472 erot
155 2408 249 2471 reges
269 2388 489 2471 praeoccupatis
501 2389 585 2468 vulgi
603 2389 798 2469 opinionibus
817 2390 901 2454 ducti
922 2412 984 2455 non
1000 2397 1137 2462 iuerrmtl

57 2476 266 2545 mauresium
275 2493 331 2536 rex
343 2474 468 2555 politice
485 2475 578 2536 animi
591 2476 637 2536 sui
651 2493 738 2536 sensa
752 2477 909 2549 simulare,
928 2499 968 2542 ue
981 2499 997 2542 a
1010 2485 1138 2551 Daniele

52 2576 84 2631 ut
102 2564 220 2632 stolidi
241 2562 339 2625 culeis
356 2567 487 2622 sectator
508 2567 696 2640 argueretur.
713 2562 791 2624 Cum
811 2581 885 2625 vero
903 2565 1012 2625 Daniel
1034 2586 1139 2649 regem

47 2654 183 2728 publice
200 2647 382 2711 convicisset
405 2645 521 2707 idolum
538 2645 624 2705 cibos
650 2647 802 2723 appositos
814 2665 875 2708 non
892 2651 1070 2726 comedere,
1083 2660 1138 2720 sed

37 2731 429 2806 sacerdotes,debuitrex
439 2731 560 2809 insigne
570 2730 740 2809 exemptus
749 2733 920 2793 severitatis
929 2734 1037 2808 edere,
1048 2747 1138 2818 atque

33 2815 192 2894 idolum,
205 2837 266 2899 quo
277 2819 344 2899 ipse
358 2824 390 2879 et
405 2824 486 2878 totus
501 2815 565 2894 ejus
581 2815 709 2895 populus
720 2816 842 2896 decepti
857 2818 990 2893 luerunt,
1005 2822 1137 2902 destrui,

26 2906 293 2983 tmoedotesque
306 2903 346 2964 ob
356 2902 499 2964 infamem
507 2901 702 2979 imposturam
709 2909 808 2962 morte
815 2900 893 2964 allici
898 2903 1017 2981 jubere.
1028 2911 1138 2975 Utrum

23 3005 159 3061 mum
169 2988 524 3070 tempirnutumpartim,
536 2994 587 3047 aut
596 2988 717 3067 penitus
725 2987 910 3049 destructum
921 2991 1026 3064 fuerit,
1039 2995 1138 3059 incen-

20 3080 116 3147 tm
129 3084 198 3151 eet,
215 3094 286 3137 cum
296 3076 329 3136 in
342 3076 483 3137 versione
498 3074 578 3133 ixx
598 3075 800 3152 interpretum
813 3075 846 3135 id
858 3093 920 3135 non
931 3076 1093 3153 referatur,
1106 3092 1138 3146 et

13 3166 189 3251 populus
200 3163 245 3241 (c.
257 3162 308 3234 ll,
320 3160 375 3238 at)
388 3159 570 3222 seditionem
582 3175 725 3231 movens,
740 3159 927 3221 solummodo
936 3175 1139 3239 conqueratur

14 3254 87 3319 de
106 3250 326 3317 destructione
340 3245 434 3320 idoli,
454 3255 487 3310 et
504 3246 718 3309 interiectione
734 3247 925 3309 sacerdotum
938 3265 974 3311 ae
987 3249 1136 3315 draconis.

8 3338 147 3423 W
166 3336 197 3401 st
215 3334 362 3413 tempium
379 3333 447 3394 Beli
467 3341 532 3395 tum
550 3334 735 3395 destructum
757 3350 818 3393 nou
832 3333 908 3405 fuit,
922 3333 981 3395 boc
994 3341 1084 3414 caput
1101 3337 1138 3398 tt

9 3412 310 3502 ωψσε
319 3418 401 3480 baud
407 3419 601 3491 contradicit,
614 3436 701 3480 secus
710 3418 894 3491 Herodotus,
905 3419 1065 3493 Arrianus,
1075 3429 1136 3485 etc.

12 3507 297 3575 dehuetiouem
308 3505 397 3585 hujus
412 3506 519 3585 templi
534 3504 628 3566 Xerxi
648 3520 756 3584 magno
774 3503 997 3585 adscripsemnt
1010 3522 1049 3566 ex
1065 3507 1136 3569 odio

14 3596 205 3661 W
215 3609 296 3655 eum.

89 3690 168 3747 U.
179 3684 213 3747 ὅ·
229 3683 357 3763 Antiqui
372 3683 509 3745 historici
522 3684 639 3763 profani
661 3683 803 3762 equidem
822 3683 956 3745 reicrunt
973 3682 1137 3764 AEgyptios

26 3772 202 3837 uinus
217 3773 288 3832 viva
305 3769 389 3832 cultu
404 3769 508 3831 divino
524 3778 696 3847 prosecutos
711 3786 793 3839 esse,
809 3768 864 3830 sed
878 3769 917 3829 de
930 3771 1011 3830 cuitu
1023 3772 1137 3834 arrima-

28 3854 228 3941 limpud
238 3858 441 3937 Babylonios,
454 3856 618 3935 etquidem
628 3857 788 3928 Draconis,
802 3855 914 3917 nuliam
926 3857 1038 3918 iaciunt
1048 3876 1136 3921 men-

43 3944 187 4009 mem
197 3946 350 4009 Caeterum
365 3962 404 4005 on
425 3942 650 4013 credibilem,
664 3959 769 4023 regem
786 3943 906 4004 Danieli
921 3944 1135 4021 permissurum

97 4060 177 4133 ’ΜΨ
187 4070 321 4119 commoni.
335 4072 360 4117 in
370 4069 470 4128 natine
481 4068 548 4117 iiior.
559 4068 585 4116 in
595 4068 689 4117 isaiam.
