2708 4846
152 473 186 527 tt
559 481 604 528 DE
619 480 832 530 lllvlttllarlt

151 571 232 628 runt.
252 598 285 613 -
301 568 454 632 Animalia
469 587 487 633 a
503 571 576 635 laris
591 573 749 646 dilaniata,
762 586 890 651 quorum
906 571 1029 652 sanguis
1050 571 1085 633 in
1096 570 1235 654 'corporo

149 661 301 717 manserat
311 657 425 734 (Erod.
439 657 491 731 22,
502 659 554 732 513
567 662 655 721 Deut.
669 660 720 733 lt,
735 660 798 737 al).

137 763 141 775 ·
187 741 257 802 Jam
271 758 346 804 vero
361 751 479 807 constat
493 744 524 806 l⁰
536 762 580 821 ,ex
596 763 746 810 consensu
764 746 1025 826 physiologorum,
1042 760 1151 806 carnes
1165 744 1235 825 ple·

150 842 311 908 rormnque
322 829 498 892 animalium
510 834 745 905 recensitorum,
755 834 788 894 in
799 833 975 913 regionibus
986 830 1094 893 caliois
1105 847 1234 910 praeser-

148 913 219 986 tim,
237 915 407 980 insalubres
426 934 463 980 ac
481 919 606 981 nocivas
628 920 705 983 esset
723 920 754 981 2⁰
778 919 886 999 Populi
908 917 1040 998 gentiles
1058 917 1172 990 vicini,
1197 924 1233 981 ut

147 998 295 1080 AEyyptt'i,
308 1002 466 1075 raonem,
478 1004 613 1068 Cbeldui
620 1022 656 1067 ac
667 1006 780 1067 Arabes
790 1006 885 1066 multa
895 1022 933 1065 cx
944 1003 993 1064 bis
1005 1002 1187 1065 animalibus
1198 1004 1233 1067 in

147 1082 268 1150 deliciis
280 1088 451 1165 habebant,
470 1098 503 1154 et
520 1092 701 1170 quandoque
714 1090 774 1154 diis
788 1092 850 1154 suis
864 1089 1091 1152 consecrabant
1107 1089 1232 1168 Moyses

146 1168 241 1250 igitur
252 1168 452 1238 Hebraeorum
463 1179 587 1240 sanitati
599 1179 804 1251 consulimus,
817 1194 928 1256 eosque
940 1176 979 1236 ab
993 1175 1076 1236 omni
1087 1174 1232 1236 familiari

146 1272 216 1318 cum
229 1259 404 1326 Gentilibus
421 1265 605 1326 commercio
621 1273 827 1344 separaturus,
840 1263 922 1342 quod
934 1280 991 1324 usu
1003 1259 1152 1339 majorum
1164 1262 1231 1342 pri-

145 1344 454 1492 mitusdintroduetum
464 1349 640 1430 tueratlege
649 1352 780 1431 positiva
788 1369 824 1414 ac
834 1351 977 1429 religiosa
985 1347 1094 1412 sanxit.
1108 1349 1161 1409 An
1170 1346 1230 1411 boc

146 1438 194 1493 est
204 1432 232 1490 ri
255 1433 387 1493 ictduml

181 1516 214 1577 2⁰
228 1518 299 1582 Cibi
313 1520 402 1580 altari
413 1520 576 1582 cmtsecreti
590 1529 696 1583 eraut:
712 1522 881 1600 -sanguis
895 1519 1070 1582 animalium
1086 1519 1183 1596 (Lev.
1192 1520 1229 1597 l,

65 1602 70 1613 '
144 1601 209 1678 bb).
221 1604 365 1684 -Adeps
374 1606 597 1678 intestinorum,
609 1607 730 1688 hepatis
742 1606 839 1685 major
850 1607 953 1678 lobus,
967 1621 1073 1677 renes,
1085 1620 1121 1666 ac
1134 1605 1229 1686 adeps

143 1687 184 1749 iis
205 1690 343 1752 adhaeres
364 1692 459 1768 (Lev.
480 1691 514 1763 5,
533 1692 627 1769 ΗΟ).
642 1725 675 1736 -
688 1692 791 1756 Gauda
808 1692 932 1772 pinguis
952 1692 1055 1753 ovium
1069 1690 1082 1767 (
1095 1691 1141 1754 ib.
1150 1690 1174 1770 ).
1186 1691 1228 1752 lli

143 1776 291 1839 verocibi
302 1776 418 1840 ludaris
430 1779 520 1840 vetiti
535 1786 637 1851 erant,
652 1779 724 1857 quia
735 1779 823 1839 altari
835 1778 1005 1839 consecrati
1018 1782 1116 1839 eraut.

426 1916 941 1996 sxxrr.-uemmunaaureganous.

150 2051 171 2064 ”
180 2062 231 2121 llll.
243 2061 309 2143 Obj.
315 2062 391 2141 Quis
400 2063 529 2124 absonas
538 2081 600 2124 nou
613 2064 707 2133 dicet,
718 2065 905 2143 ogganniunt
915 2061 1118 2134 Naturalistae,
1127 2063 1228 2126 varias

142 2149 211 2210 illas
224 2148 428 2210 immunditias
442 2148 574 2228 legales,
589 2165 664 2226 quas
680 2151 802 2227 Moyses
820 2149 854 2209 in
869 2148 1007 2208 Levitico
1020 2156 1179 2222 recenset,
1194 2156 1227 2212 et

143 2235 183 2296 ob
196 2253 269 2313 quas
280 2235 403 2297 ludaeos
417 2243 448 2296 ct
461 2252 479 2296 a
490 2237 584 2297 sacris
596 2243 629 2297 et
641 2237 680 2296 ab
688 2235 847 2297 bominum
859 2235 1007 2296 societate
1021 2237 1125 2297 arcet?

177 2323 263 2400 Resp.
271 2320 487 2393 immunditiae,
500 2322 540 2382 ob
551 2339 625 2400 quas
637 2321 747 2399 aliqrds
758 2338 776 2380 a
788 2321 881 2383 sacris
893 2328 925 2382 et
936 2322 975 2381 ab
984 2321 1144 2382 homiuum
1154 2340 1227 2385 cou-

141 2411 233 2470 sortio
251 2410 463 2488 separabatur,
473 2427 536 2470 non
549 2408 647 2471 solum
663 2407 744 2489 apud
754 2408 918 2481 Hebraeos,
930 2407 986 2469 sed
1003 2415 1035 2469 et
1050 2408 1130 2488 apud
1150 2411 1226 2472 alios

140 2496 268 2574 populos
292 2495 431 2572 antiquos
455 2497 575 2558 usitatae
600 2497 732 2556 fuerumt.
757 2494 922 2575 Plerosque
946 2493 1171 2566 immunditias,
1191 2495 1226 2557 in

102 2649 106 2656 ¹
139 2581 280 2642 Levitico
298 2582 480 2654 recensitas,
502 2582 603 2644 Judaei
622 2581 686 2661 iam
704 2587 776 2642 aute
797 2581 926 2658 Moysen
944 2580 1022 2641 tales
1042 2582 1226 2664 reputabant

141 2665 233 2744 (vide
247 2667 325 2727 Gen.
335 2665 388 2738 al,
401 2666 464 2743 55).

175 2754 269 2813 Erant
279 2755 386 2828 lautam
402 2754 604 2815 immunditiae
619 2755 734 2834 legales
747 2753 888 2832 adjuncta
908 2751 1099 2830 contagiosa,
1118 2752 1171 2814 vel
1185 2752 1224 2814 de

140 2839 322 2916 contagione
341 2848 493 2916 suspecta,
515 2840 566 2899 vel
585 2857 653 2917 quac
678 2839 880 2900 abominanda
900 2837 1104 2899 habebantur.
1124 2839 1223 2901 Hasce

139 2922 345 2986 immunditias
361 2925 484 3001 Moyses
498 2925 570 3004 lege
583 2926 714 3003 positiva
728 2943 762 2986 ac
778 2924 921 3002 religiosa
937 2922 1142 2986 observandas
1157 2941 1223 2986 esse

140 3007 251 3080 edixit,
262 3014 328 3067 tum
336 3014 370 3068 ot
377 3010 653 3090 studiumpuritatis
662 3011 792 3072 internae
801 3011 1002 3072 liebraeorum
1011 3017 1222 3086 promoveret,

139 3093 261 3159 sanitati
272 3095 590 3169 illormnconsulcret,
608 3097 790 3176 illorumque
805 3113 906 3157 mores
923 3095 1143 3156 mansuetiores
1153 3094 1224 3156 red·

138 3183 240 3253 deret;
253 3188 318 3241 tum
327 3189 361 3240 ut
375 3183 445 3244 illos
459 3184 664 3245 aGeutilibus
675 3190 866 3253 secerneret,
880 3199 915 3242 ac
931 3198 949 3242 a
963 3180 1102 3260 periculo
1117 3181 1223 3242 seduc·

138 3267 269 3330 tionisin
280 3266 482 3328 idololatriam
490 3275 672 3330 removeret.
679 3268 869 3346 Praesoripsit
877 3268 1224 3345 autemMoysespariter

138 3352 212 3412 ritus
227 3349 336 3426 quibus
348 3350 496 3409 immundi
510 3349 647 3409 mundati
659 3349 753 3410 saeris
762 3366 797 3408 ac
818 3349 958 3410 societati
978 3348 1220 3409 restituerentur.

136 3433 216 3494 Num
225 3430 275 3489 lrae
282 3430 369 3507 leges
378 3438 447 3489 sunt
456 3430 591 3491 absonae?
598 3431 839 3491 Numridicrdael
851 3435 963 3491 Annon
973 3429 1074 3509 potius
1082 3444 1222 3509 magnam

135 3513 170 3576 iu
183 3514 289 3590 Moyse
297 3511 478 3589 sapientiam
490 3513 635 3590 arguunt?
650 3513 696 3572 En
709 3512 1051 3591 immunditiaslegales.

138 3667 143 3674 ¹
161 3595 204 3673 ,¹⁰
216 3596 328 3672 Lepre,
341 3591 463 3653 morbus
475 3593 717 3673 elephantiacus,
731 3597 884 3674 AEgypto,
897 3594 996 3663 Asiae,
1007 3610 1043 3653 ac
1051 3598 1221 3672 generatim

135 3677 313 3755 regionibus
343 3674 451 3735 calidis
480 3676 634 3754 proprius,
664 3678 876 3756 contagiosus,
908 3692 944 3735 ac
966 3675 1156 3736 incurabilis.
1187 3677 1221 3736 ln

138 3757 272 3837 AEgypto
282 3774 317 3819 ac
329 3757 416 3834 Syria
428 3755 526 3816 adhuc
536 3766 696 3835 grassatur.
710 3759 808 3837 Lepra
821 3758 1000 3838 plerumque
1014 3774 1072 3836 per
1087 3757 1222 3836 eruptio·

135 3854 208 3898 uem
227 3841 344 3918 exiguae
360 3838 501 3910 maculae,
517 3847 673 3917 puncturae
688 3857 759 3901 acus
776 3842 920 3910 adinstar,
943 3840 1024 3899 circa
1043 3855 1152 3899 nasum
1172 3844 1221 3899 aut

137 3919 240 3980 oculos
255 3938 289 3981 se
302 3922 487 3991 manilestat,
503 3922 744 4001 propelliturque
763 3923 801 3983 ab
819 3922 948 3982 internis
966 3923 998 3980 in
1014 3928 1117 3981 cutem
1135 3927 1221 3982 exte·

136 4000 263 4073 riorem,
288 4003 581 4074 telamacellulosam,
608 4021 689 4075 ossa,
710 4005 874 4065 medullam
895 4010 927 4064 et
948 4002 1059 4063 ossium
1078 4001 1220 4063 articulos

135 4080 243 4149 inlicit
253 4083 354 4163 “natm
371 4085 499 4151 extremi
511 4085 624 4149 sensim
644 4086 847 4161 emoriuntur,
866 4085 1071 4148 dissolvuntur
1084 4099 1120 4147 ac
1135 4082 1221 4159 decia
