2708 4846
153 442 200 494 m
562 441 607 488 bn
627 434 829 487 autunum

151 537 218 598 Deo
248 535 358 612 dignus
384 539 431 594 est
452 530 570 609 punitio
594 530 780 590 contumacis
799 530 903 600 lonae,
922 532 953 587 ot
970 519 1133 587 conversio
1151 526 1230 586 llini-

150 620 292 694 vitarum.
306 620 347 680 Hi
368 617 472 687 audito
491 615 551 676 hoc
563 615 708 676 miraculo
725 614 843 676 facilius
857 613 996 694 prolecto
1013 612 1156 674 conversi
1172 610 1231 672 iue-

149 713 233 767 runi.

187 789 221 849 δ’
232 790 342 852 Priscis
354 789 420 849 istis
432 786 635 865 temporibus,
650 786 760 863 quibus
771 785 911 846 homines
927 783 1091 845 audiendis
1102 782 1232 844 Orscullo

150 875 269 938 adsueti
287 882 387 954 erant,
401 874 586 936 credebatur
613 874 712 932 Deum
721 872 901 949 quibusdam
911 869 1153 930 hominibus-res
1163 870 1232 930 luto·

145 962 209 1032 l'as,
230 974 376 1037 suamque
397 956 585 1020 'voluntatem
606 950 814 1017 manifestares
839 963 871 1016 et
887 955 961 1015 hinc
977 954 1144 1033 Prophetis
1161 953 1232 1031 apud

150 1045 314 1115 nebreos,
337 1051 372 1104 et
394 1043 516 1105 vatibus
538 1042 619 1123 apud
641 1042 796 1118 Gentiles,
807 1040 856 1117 ius
877 1048 942 1099 crat
954 1039 1030 1117 ipsis
1047 1039 1232 1119 principibu

134 1125 274 1193 'nomine
292 1130 367 1206 Dei,
382 1128 434 1190 vel
457 1129 601 1200 deorum,
621 1128 768 1188 veritates
786 1125 960 1186 durissimas
979 1124 1118 1186 dicendi.
1139 1125 1233 1202 chrs

150 1232 204 1276 rex
224 1216 366 1283 Nicives,
388 1230 424 1274 ac
443 1213 605 1284 Ninivitac,
620 1229 742 1274 suorum
759 1210 921 1272 criminum
937 1208 1035 1287 probe
1052 1209 1185 1283 conscii,
1196 1209 1232 1271 ob

145 1301 260 1379 ingens
278 1299 458 1361 miraculum
478 1300 582 1370 lone,
602 1300 648 1369 et,
663 1296 745 1376 quod
756 1302 848 1375 caput
861 1296 907 1355 rei
919 1301 981 1365 est,
998 1295 1039 1355 ob
1059 1294 1233 1357 illustratio·

148 1400 221 1446 nem
241 1387 347 1464 gratiae
368 1384 495 1453 divinae,
514 1383 605 1446 dictis
624 1385 715 1445 lonae
737 1382 828 1443 facile
847 1378 940 1442 fidem
960 1380 1184 1455 adhibuerunt,
1199 1398 1232 1445 ac

146 1470 361 1550 penitentiam
371 1465 640 1529 extraordinariam
652 1473 850 1547 peregerunt.

152 1570 156 1575 ·
185 1552 218 1611 δ’
237 1551 397 1615 Difficilius
417 1568 480 1613 non
500 1551 559 1612 iuit
578 1553 644 1613 Deo
665 1568 848 1613 conservare
871 1551 982 1611 Jonam
1002 1550 1232 1615 incolumemin

145 1644 258 1699 nenne
273 1638 360 1700 istius
371 1636 479 1717 piscis,
492 1653 583 1715 quam
594 1652 718 1699 servare
729 1636 841 1698 illaesos
850 1644 912 1696 tros
919 1634 1051 1712 juvenes
1061 1636 1096 1697 in
1111 1636 1233 1699 ardente

146 1723 273 1786 tuniaco
292 1725 587 1805 Babylonisatquo
610 1741 791 1786 conservare
810 1724 941 1785 infantes
952 1739 1066 1782 norem
1080 1724 1233 1787 mensibu

116 1860 119 1865 .
147 1807 182 1869 in
204 1809 276 1870 sinu
297 1816 438 1871 matrum.
457 1808 520 1885 Qui
539 1808 762 1870 deicientibus
782 1809 813 1869 in
833 1809 903 1868 sinu
919 1814 1051 1866 matrrrm
1063 1807 1234 1871 virentibn

147 1908 184 1953 ao
209 1893 418 1955 crescentibus
436 1892 516 1953 nibil
536 1909 679 1972 umquam
700 1891 859 1962 audiisset,
873 1891 1111 1952 radocinaretur
1129 1893 1232 1965 utilli,

143 1976 201 2054 'qud
220 1977 261 2039 ob
274 1978 353 2039 banc
366 1977 504 2057 quarum
515 1976 725 2040 difficultatem
741 1992 859 2037 moram
869 1978 959 2035 lonae
976 1974 1010 2034 in
1022 1982 1134 2039 ventre
1144 1977 1233 2057 p'ncir

145 2071 280 2141 negant·
334 2072 337 2077 ·
1167 2108 1172 2115 .

185 2148 339 2212 catemm
356 2150 450 2228 piscis
466 2145 526 2209 iste
538 2148 742 2209 Jousmbonc
752 2146 923 2216 valentem,
937 2145 1137 2225 vestiumque
1147 2147 1232 2211 indu·

144 2240 212 2294 tum
220 2251 282 2294 non
296 2243 357 2294 tam
369 2235 431 2295 cito
442 2234 584 2312 digerere
597 2233 748 2304 debebat,
759 2241 791 2295 et
802 2232 924 2312 quando
934 2232 1123 2314 respirabat,
1133 2234 1231 2297 absor-

144 2316 242 2377 bebat
254 2320 357 2377 atrcm
369 2332 493 2395 prmum,
506 2319 596 2378 Jonae
607 2318 780 2378 salutarem.

143 2416 145 2422 ·
182 2402 257 2456 toi·
282 2400 420 2463 Credunt
441 2400 580 2460 nonnulli
600 2401 732 2480 piscem,
746 2402 799 2478 qui
818 2400 982 2480 deglutivit
999 2400 1130 2475 Jonam,
1142 2402 1230 2467 tunso

145 2485 290 2546 Balenam
314 2502 351 2546 eo
375 2486 458 2563 qnod
477 2484 545 2547 hacc
566 2486 607 2547 sit
624 2487 772 2547 maximus
784 2487 887 2565 piscis,
903 2495 935 2548 et
945 2487 1029 2565 quod
1040 2488 1136 2568 piscis
1145 2491 1229 2554 loru

142 2568 639 2648 (Matm.li,l0)vocatureetus.
1227 2574 1230 2579 '

181 2656 238 2718 Ast
248 2657 361 2718 Balcna
373 2664 434 2717 tam
447 2665 604 2735 angustmn
615 2655 838 2736 gutturhabet,
847 2664 881 2717 ut
891 2658 943 2716 vix
951 2657 1228 2742 mediocresptses

143 2740 296 2820 deglutire
309 2742 419 2819 possit,
432 2755 491 2800 nec
503 2739 629 2820 propter
640 2740 798 2819 ingentem
809 2742 946 2820 corporis
957 2742 1074 2803 molem
1083 2754 1130 2806 sat
1138 2754 1228 2827 propo

142 2825 228 2887 littus
239 2825 347 2886 venire
360 2824 508 2903 potuisset
520 2824 559 2885 ad
571 2827 590 2884 J
593 2841 683 2885 onam
695 2825 913 2896 evomendum,
926 2844 985 2888 neo
995 2828 1029 2888 in
1040 2831 1122 2890 mari
1132 2831 1227 2893 llodi-

142 2917 295 2981 terraneo,
308 2909 362 2968 ubi
379 2910 474 2970 lonas
486 2909 651 2989 deglutitus
662 2910 734 2981 luit,
749 2920 960 2974 commoratur.
973 2915 1044 2975 Vox
1053 2932 1132 2978 vero
1145 2923 1228 2981 oet·

142 2996 259 3074 piscem
268 2994 414 3074 mandem
425 2996 456 3055 in
469 3010 584 3074 genere
592 2994 754 3075 significat.

179 3083 293 3143 'sextus
314 3082 470 3154 hebraeus,
492 3091 522 3144 et
540 3085 641 3144 versio
658 3084 781 3163 vulgata
800 3085 893 3163 (Jon.
912 3086 966 3164 i),
987 3088 1128 3166 speciem
1144 3089 1225 3153 istiu

141 3165 234 3246 piscis
244 3183 307 3228 non
320 3165 539 3238 determinant,
553 3168 697 3246 aiuntque
707 3169 913 3239 solummodo,
924 3172 1036 3231 Jonam
1047 3171 1226 3253 deglutit·

141 3251 346 3330 inisseapiscc
354 3252 463 3330 grandi
467 3269 580 3330 ,·quare
589 3253 681 3332 piscis
692 3255 751 3314 istc
761 3255 850 3315 facilc
861 3272 927 3316 esse
938 3257 1223 3335 potuitcarcluris.

139 3352 196 3396 sen
216 3336 319 3395 Lamia
339 3333 490 3414 (reputt),·
508 3336 702 3400 Chare-hariae
716 3347 824 3400 'autern
841 3341 873 3400 in
890 3342 966 3402 mari
980 3341 1222 3418 Mediterranea.

138 3422 195 3482 ubl
216 3422 310 3482 Jonas
329 3421 403 3492 tuit,
417 3420 498 3481 baud
520 3438 589 3483 raro
610 3420 750 3486 homines
770 3425 944 3504 deglutiunt
964 3445 974 3486 r
996 3427 1043 3489 sic
1064 3437 1170 3493 narrat
1186 3432 1222 3493 lt

139 3505 278 3577 Miller¹,
292 3507 446 3568 nauticum
462 3508 624 3585 quemdam
640 3526 720 3570 anno
734 3511 811 3572 ltbb
822 3513 854 3572 in
868 3528 951 3572 mare
963 3513 1222 3580 meorumnam

138 3587 271 3670 lapsum,
292 3590 376 3652 illico
394 3600 478 3653 vasto
496 3593 558 3654 oris
575 3593 660 3654 hiatu
679 3593 852 3658 Carcbariae
865 3597 956 3658 iulsse
975 3608 1157 3680 exceptum,
1168 3601 1221 3665 boo

137 3692 213 3736 vero
224 3684 392 3737 monstrum
403 3677 466 3738 ictu
478 3680 621 3740 tormenti
634 3680 740 3743 bellici
753 3700 823 3743 mox
835 3701 1026 3762 percussum,
1041 3686 1221 3769 deglutit!

137 3761 309 3832 nauticum,
322 3763 443 3823 modice
462 3764 568 3827 laesurn
589 3768 769 3832 evomuisse.
791 3769 956 3832 Car-charia
975 3771 1034 3833 ista
1051 3773 1127 3835 dein
1139 3779 1219 3855 capta

138 3844 318 3996 ffizgataue
342 3849 451 3911 decem
475 3852 594 3914 cubitos
618 3853 830 3934 longitudinis,
853 3865 884 3918 et
905 3865 1034 3936 quatuor
1054 3858 1218 3924 lautuonir

172 4035 301 4090 thttttil
309 4044 405 4105 einiger
415 4045 712 4106 Untcrbaltunsstuudcn,
724 4050 862 4111 lumbum,
875 4050 943 4101 ltili.
989 4062 993 4068 ·
